1962 3268
703 285 958 314 sunnonem
994 286 1081 313 mn.
1117 287 1146 313 1.
1180 274 1220 314 4.
1568 273 1628 314 15

299 384 383 436 Qui
402 399 484 428 non
505 385 710 436 defendit,
732 385 813 427 alio
834 385 1054 440 culpante;
1090 386 1248 428 solutos

295 451 380 504 Qui
400 461 539 510 captat
558 453 664 495 risus
683 452 914 502 hominum,
936 452 1170 508 famamque
1191 453 1344 495 dicacis
1362 470 1373 502 ς

297 519 478 576 Fingere
496 521 568 577 qui
586 535 670 562 non
690 520 779 561 visa
797 527 949 574 potest,
970 520 1187 561 commissa
1208 528 1344 562 tacere

298 587 383 639 Qui
401 587 570 644 nequit3
600 587 669 629 hic
687 586 805 642 niger
825 595 902 637 est,
924 585 1037 628 hunc
1059 594 1106 628 tu
1128 587 1320 629 Romane
1340 596 1497 630 caveto.
1573 590 1630 630 85

299 655 420 710 Saepe
439 654 571 697 tribus
588 654 707 696 lectis
727 654 869 696 videas
891 669 1055 696 coenare
1075 662 1322 711 quaternos3

297 722 339 764 E
359 722 511 779 quibus
530 738 638 764 unus
659 731 768 765 amet
788 722 933 778 quavis
954 737 1170 778 aspergere
1186 730 1371 773 cunctos,

297 790 456 833 Praeter
475 805 568 833 eum
591 790 661 847 qui
682 790 841 846 praebet
860 805 1032 846 aquam:
1065 798 1173 846 post,
1189 789 1303 831 hunc
1318 804 1480 846 quoque
1495 799 1633 846 potus,

298 859 483 901 'Condita
504 873 599 901 cum
621 874 746 901 verax
767 858 899 914 aperit
919 858 1147 914 praecordia
1168 858 1322 900 Liber:

301 926 389 968 Hic
409 926 487 969 tibi
506 927 649 978 comis,
671 936 713 968 et
733 927 929 977 urbanus,
952 926 1136 982 liberque
1155 926 1337 978 videtur,
1578 928 1636 972 90

302 994 464 1037 Infesto
483 995 626 1050 nigris.
688 996 801 1050 Ego,
825 994 858 1036 si
878 994 950 1036 risi
970 995 1082 1050 quod
1102 994 1270 1050 ineptus

301 1060 496 1109 Pastillos
518 1060 704 1103 Rufillus
724 1061 822 1111 olet,
852 1060 1093 1115 Gorgonius
1113 1060 1290 1112 hircum,

304 1128 485 1171 Lividus
507 1137 548 1171 et
568 1129 742 1170 mordax
762 1129 905 1170 videor
925 1129 1033 1170 tibi?
1095 1129 1262 1171 Mentio
1284 1129 1318 1170 si
1337 1144 1419 1185 qua

303 1197 374 1239 De
394 1196 623 1253 Capitolini
643 1196 766 1238 furtis
785 1196 939 1252 injecta
959 1196 1104 1238 Petilli
1272 1238 1275 1241 ,

306 1265 375 1306 Te
394 1278 529 1306 eoram
549 1263 700 1315 fuerit3
730 1263 945 1315 defendas,
967 1272 1014 1305 ut
1035 1272 1215 1306 tuus-est
1235 1279 1347 1307 mos:
1585 1267 1640 1310 95

306 1331 346 1380 ἹῘ
362 1333 440 1374 Me
462 1331 725 1388 Capitolinus
746 1331 980 1374 convictore
1000 1346 1099 1373 usus
1120 1332 1334 1389 amicoque

306 1401 346 1442 A
365 1415 495 1456 puero
517 1410 594 1452 est,
615 1415 818 1456 causaque
837 1415 930 1443 mea
948 1400 1154 1456 permulta
1175 1410 1345 1456 rogatus

308 1467 455 1518 Fecit;
489 1476 546 1521 et,
568 1469 787 1510 incolumis
806 1469 925 1511 laetor
945 1468 1057 1524 quod
1079 1468 1183 1510 vivit
1202 1469 1246 1510 in
1266 1469 1393 1510 urbe:

311 1536 396 1578 Sed
417 1545 555 1579 tamen
575 1536 770 1587 admiror,
791 1552 873 1592 quo
891 1544 1013 1592 pacto
1027 1535 1235 1594 judicium
1257 1536 1364 1577 illud

310 1605 500 1661 Fugerit.
562 1605 600 1653 ΊῙ
621 1605 708 1647 Hic
727 1604 859 1660 nigrae
880 1619 1026 1646 succus
1046 1603 1255 1658 loliginis3
1289 1602 1380 1645 haec
1400 1612 1462 1645 est
1560 1604 1645 1645 100

312 1674 479 1730 AErugo
498 1688 636 1722 mera;
668 1674 777 1730 quod
802 1672 950 1714 vitium
972 1671 1116 1727 procul
1136 1671 1248 1713 afore
1268 1671 1437 1721 chartis,

311 1743 457 1797 Atque
476 1741 614 1784 animo
634 1741 765 1797 prius,
791 1748 840 1782 ut
861 1740 997 1796 siquid
1017 1739 1257 1795 promittere
1277 1740 1329 1781 de
1351 1754 1416 1782 me

312 1811 488 1852 Possum
511 1809 642 1861 aliud,
664 1824 760 1851 vere
779 1808 988 1864 promitto.
1051 1807 1246 1850 Liberius
1268 1808 1302 1849 si

312 1877 470 1925 Dixero
491 1878 608 1934 quid,
630 1878 664 1919 si
684 1877 789 1919 forte
802 1876 1003 1933 jocosius,
1031 1875 1110 1917 hoe
1130 1875 1232 1916 mihi
1248 1876 1357 1931 juris

313 1946 424 1989 Cum
446 1946 568 1989 venia
587 1946 730 1988 dabis:
763 1944 944 1986 insuevit
963 1953 1081 2000 pater
1101 1944 1282 1999 optimus
1302 1944 1381 1986 hoc
1402 1958 1483 1996 me,
1565 1944 1649 1986 105

313 2016 380 2057 Ut
397 2014 583 2071 fugerem
606 2014 805 2070 exemplis
827 2013 1023 2055 vitiorum
1044 2027 1221 2069 quaeque
1240 2013 1437 2055 notando.

316 2085 426 2126 Cum
447 2098 514 2126 me
532 2084 781 2133 hortaretur,
803 2096 941 2138 parce,
963 2082 1195 2138 frugaliter,
1216 2089 1342 2137 atque

316 2152 510 2194 Viverem
531 2152 595 2193 uti
615 2158 835 2193 contentus
855 2164 918 2199 eo,
940 2150 1051 2205 quod
1071 2149 1129 2190 mi
1148 2149 1238 2204 ipse
1257 2142 1466 2204 parasset:

317 2220 470 2262 Nonne
491 2219 622 2270 vides,
648 2210 754 2260 Albi
772 2226 821 2259 ut
838 2217 946 2259 male
966 2217 1082 2259 vivat
1101 2217 1243 2258 filius?
1274 2225 1403 2273 utque

319 2285 476 2330 Barrus
486 2287 634 2342 inops?
665 2299 863 2341 magam
875 2285 1184 2335 documentum,
1197 2299 1250 2326 ne
1262 2285 1437 2340 patriam
1451 2300 1536 2328 rem
1569 2287 1654 2328 110

320 2355 502 2398 Perdere
521 2355 614 2411 quis
635 2354 750 2395 velit.
811 2354 856 2394 A
876 2352 988 2408 turpi
1008 2351 1235 2394 meretricis
1255 2366 1393 2395 amore

320 2424 430 2466 Cum
451 2423 690 2472 deterreret,
715 2420 882 2463 Sectani
901 2420 1115 2463 dissimilis
1135 2421 1205 2462 sis.

319 2491 388 2533 Ne
409 2506 599 2547 sequerer
618 2489 817 2541 moechas,
841 2503 1032 2531 concessa
1052 2503 1146 2531 cum
1168 2489 1329 2531 Venere
1351 2490 1412 2532 uti

320 2559 508 2611 Possem,
531 2558 739 2615 Deprensi
759 2572 843 2600 non
862 2556 972 2599 bella
991 2565 1054 2598 est
1072 2556 1183 2598 fama
1202 2556 1402 2608 Treboni,

320 2626 485 2669 Aiebat.
547 2627 737 2682 Sapiens,
759 2626 894 2668 vitatu
914 2625 1097 2682 quidque
1116 2625 1253 2681 petitu
1373 2671 1383 2681 ,
1572 2629 1655 2670 115

325 2694 390 2736 Sit
408 2694 572 2747 melius,
594 2709 738 2738 causas
757 2694 904 2737 reddet
924 2693 1024 2736 tibi:
1058 2693 1116 2735 mi
1137 2693 1238 2736 satis
1258 2702 1335 2746 est,
1358 2695 1392 2736 si

326 2762 550 2805 Traditum
571 2763 624 2805 ab
645 2762 829 2818 antiquis
849 2776 1005 2805 morem
1027 2776 1203 2812 servare,
1226 2770 1436 2818 tuamque,
