1962 3268
660 318 983 364 Erisroxanuiu
1014 319 1106 353 lirin.
1136 319 1165 345 1.
1197 307 1238 346 5.

280 419 366 472 Qui
387 434 529 476 sapere
549 427 591 461 et
610 418 689 462 fari
705 419 835 475 possit
855 433 949 475 quae
970 418 1136 471 sentiat,
1159 427 1200 461 et
1221 418 1286 461 cui

281 482 446 539 Gratia,
467 487 591 538 fama,
613 486 808 528 valetudo
829 486 1044 541 contingat
1064 488 1244 538 abunde,

279 555 342 597 Et
361 555 541 596 mundus
562 553 711 604 victus,
731 567 814 594 non
836 553 1055 596 deficiente
1076 557 1303 596 crumena?
1326 595 1337 604 ,

281 619 400 664 Inter
419 636 532 678 spem
555 635 791 677 curamque,
815 620 983 663 timores
1004 621 1113 664 inter
1134 630 1174 663 et
1196 621 1293 671 iras,

279 690 458 733 Omnem
480 689 600 732 crede
620 689 730 731 diem
754 689 828 731 tibi
851 689 1051 731 diluxisse
1072 702 1335 744 supremum:

281 757 415 800 Grata
434 756 711 813 superveniet,
733 772 826 813 quae
848 772 931 799 non
952 757 1199 813 sperabitur,
1221 756 1335 799 hora.

281 826 358 868 Me
377 824 575 882 pinguem
597 835 639 868 et
659 826 839 868 nitidum
862 826 966 868 bene
987 834 1128 867 curata
1148 833 1243 867 cute
1264 825 1389 876 vises,

281 893 391 935 Cum
411 893 546 935 ridere
566 893 695 945 voles,
716 893 894 950 Epicuri
916 894 968 936 de
988 908 1114 949 grege
1133 907 1316 949 porcum.

745 1154 1070 1195 EPISTOLA
1109 1154 1156 1195 V.

714 1274 783 1300 AD
837 1273 1195 1304 TORQUATUM.

285 1371 335 1412 S1
355 1378 473 1426 potes
494 1369 714 1412 Archiacis
735 1371 910 1413 conviva
939 1373 1178 1415 recumbere
1198 1374 1331 1426 lectis,

284 1438 376 1480 Nec
394 1437 557 1480 modica
577 1453 740 1480 coenare
761 1438 881 1481 times
902 1440 991 1481 olus
1012 1455 1134 1483 omne
1153 1442 1306 1497 patella
1322 1460 1334 1495 ;

286 1507 488 1562 Supremo
510 1514 550 1548 te
578 1505 662 1548 sole
683 1507 811 1559 domi,
836 1509 1065 1563 Torquate,
1088 1511 1275 1552 manebo.

284 1573 395 1616 Vina
413 1574 531 1616 bibes
550 1574 698 1616 iterum
723 1576 868 1617 Tauro
888 1575 1055 1627 diffusa,
1075 1577 1279 1633 palustres
1338 1569 1344 1572 Δ

287 1643 406 1684 Inter
426 1642 669 1685 Minturnas
702 1643 1083 1702 Sinuessanumque
1103 1646 1336 1689 Petrinum.

287 1710 363 1753 Sin
382 1709 531 1752 melius
551 1711 653 1767 quid
672 1711 816 1763 habes,
838 1728 1009 1764 arcesse,
1032 1714 1098 1755 vel
1118 1714 1336 1770 imperium
1358 1716 1432 1759 fer.

285 1778 317 1819 J
319 1778 548 1820 amdudum
569 1778 759 1834 splendet
779 1780 910 1832 focus,
927 1789 968 1823 et
989 1781 1064 1824 tibi
1087 1784 1243 1826 munda
1263 1785 1464 1841 supelleX.

286 1845 419 1889 Mitte
438 1846 550 1888 leves
571 1861 679 1903 spes,
701 1856 743 1890 et
763 1850 987 1892 certamina
1007 1850 1263 1904 divitiarum,

286 1912 348 1954 Et
369 1911 536 1954 Moschi
557 1927 747 1955 causam:
782 1929 871 1956 cras
898 1924 995 1957 nato
1018 1917 1184 1958 Caesare
1208 1916 1338 1960 festus

287 1979 376 2022 Dat
396 1980 557 2022 veniam
580 1995 851 2038 somnumque
872 1982 986 2035 dies3
1015 1983 1185 2039 impune
1206 1985 1347 2028 licebit

287 2047 499 2091 AEstivam
521 2063 708 2091 sermone
727 2049 909 2106 benigno
930 2052 1098 2094 tendere
1119 2061 1296 2096 noctem.

289 2117 384 2168 Quo
402 2117 507 2159 mihi
526 2117 750 2169 fortunam,
773 2118 807 2160 si
828 2134 911 2160 non
932 2120 1173 2162 conceditur
1193 2121 1255 2162 uti
1272 2124 1290 2162 ?

288 2183 445 2226 Parcus
463 2185 517 2226 ob
535 2184 714 2226 haeredis
735 2200 873 2227 curam
896 2186 1154 2242 nimiumque
1174 2202 1341 2230 severus

290 2251 466 2293 Assidet
483 2251 641 2293 insano.
701 2252 852 2293 Potare
872 2262 914 2294 et
934 2267 1127 2308 spargere
1146 2253 1266 2296 flores

293 2318 515 2374 Incipiam,
535 2318 749 2374 patiarque
769 2319 835 2361 vel
855 2319 1114 2363 inconsultus
1135 2321 1292 2365 haberi.

293 2385 407 2437 Quid
426 2400 508 2427 non
529 2385 704 2428 ebrietas
725 2386 914 2442 designat
931 2390 948 2430 Ρ
980 2399 1122 2445 operta
1143 2391 1320 2434 recludit
1337 2409 1350 2440 ;

294 2454 398 2510 Spes
411 2453 534 2509 jubet
554 2469 643 2496 esse
663 2463 799 2504 ratas;
834 2455 877 2497 in
900 2457 1047 2511 proelia
1069 2458 1201 2500 trudit
1221 2458 1393 2502 inertem
1411 2477 1423 2510 ;

295 2521 478 2564 solicitis
499 2521 647 2564 animis
668 2537 772 2564 onus
793 2523 962 2572 eximit3
994 2525 1169 2568 addocet
1189 2535 1320 2570 artes:

294 2590 502 2633 Foecundi
520 2590 668 2634 calices
686 2606 809 2647 quem
831 2606 914 2634 non
934 2592 1068 2636 fecere
1087 2593 1320 2637 disertum?

295 2659 519 2701 Contracta
538 2674 660 2716 quem
680 2674 762 2701 non
783 2659 826 2702 in
848 2670 1091 2717 paupertate
1122 2662 1303 2705 solutum
1321 2667 1339 2705 ?

296 2727 407 2769 Haec
426 2741 503 2783 ego
522 2742 741 2783 procurare
762 2736 804 2770 et
824 2728 997 2772 idoneus
1018 2730 1211 2786 imperor,
1234 2741 1275 2774 et
1296 2748 1379 2775 non

298 2795 465 2838 Inritus
483 2812 493 2844 ;
526 2811 578 2838 ne
599 2804 718 2851 turpe
739 2797 857 2849 toral,
878 2812 930 2839 ne
951 2798 1115 2840 sordida
1136 2812 1286 2854 mappa

1529 302 1612 357 175

1566 486 1622 527 10

1566 826 1620 867 15

1574 1989 1628 2029 10

1574 2327 1631 2368 15·

1574 2669 1632 2708 20
