1962 3268
714 296 895 325 EPODON
926 296 1080 325 LIBER..

349 394 510 438 Malvae
531 395 714 438 salubres
735 396 910 452 corpori,

289 463 365 506 Vel
387 477 495 520 agna
513 462 630 506 festis
650 479 757 506 caesa
778 463 1103 516 Terminalibus,

343 531 423 574 Vel
442 530 589 573 haedus
609 539 774 587 ereptus
794 531 909 587 lupo.

285 599 380 642 Has
399 598 510 641 inter
528 598 687 654 epulas,
708 607 756 640 ut
768 599 893 655 juvat
912 607 1050 654 pastas
1071 614 1168 643 oves

340 664 493 708 Videre
512 674 779 722 properantes
795 666 965 709 domum
983 666 991 709 !

285 731 434 775 Videre
453 732 580 775 fessos
602 748 807 776 vomerem
829 735 1037 778 inversum
1060 736 1188 779 boves

340 800 462 843 Collo
482 801 692 844 trahentes
711 802 924 859 languido,

280 869 525 926 Positosque
545 885 706 922 vernas,
726 871 825 913 ditis
845 885 1016 913 examen
1038 871 1200 922 domus,

343 936 513 979 Circum
534 938 770 981 renidentes
792 940 945 982 Lares!

278 1005 388 1046 Haec
408 1005 481 1047 ubi
501 1006 666 1048 locutus
685 1006 911 1050 foenerator
929 1008 1079 1059 Alfius,

336 1072 367 1112 J
369 1073 519 1129 amjam
540 1073 707 1116 futurus
727 1075 921 1128 rusticus,

280 1141 458 1182 Omnem
480 1141 642 1197 redegit
664 1142 814 1185 Idibus
835 1144 1079 1198 pecuniamz

339 1208 511 1264 Quaerit.
524 1209 722 1252 Calendis
743 1225 908 1266 ponere.

732 1526 825 1566 111.
890 1524 958 1576 (M.
995 1530 1047 1581 ι.)

684 1641 746 1668 ΑΙ)
778 1639 1094 1670 ΜΑΕΟΕΝΑΤΕΜ.

285 1751 532 1792 ΡΑΒΕΝΤιε
554 1752 652 1793 olim
676 1752 806 1808 siquis
822 1753 950 1808 impia
971 1768 1095 1795 manu

334 1818 475 1861 Senile
494 1828 640 1874 guttur
659 1820 843 1875 fregerit,

277 1885 386 1928 Edit
406 1886 553 1928 cicutis
574 1887 701 1929 alium
723 1888 952 1929 nocentius.

337 1954 376 1996 Ο
398 1953 504 1996 dura
526 1969 753 1997 messorum
774 1953 868 1997 ilia!

274 2020 388 2074 Quid
408 2021 488 2064 hoc
508 2023 657 2065 veneni
679 2023 800 2065 saevit
820 2024 863 2065 in
884 2025 1150 2080 praecordiis?

331 2090 445 2132 Num
468 2090 679 2146 viperinus
700 2091 766 2133 his
787 2107 906 2134 cruor

275 2157 472 2199 Incoctus
491 2157 632 2200 herbis
655 2173 719 2200 me
739 2159 889 2201 fefellit
908 2163 925 2202 ?
957 2176 1010 2202 an
1032 2161 1160 2202 malas

333 2224 513 2267 Canidia
533 2226 727 2268 tractavit
747 2227 906 2282 dapes?

274 2292 339 2334 Ut
360 2292 622 2348 Argonautas
643 2303 794 2350 praeter
814 2309 956 2337 omnes
978 2295 1200 2337 candidum

330 2359 485 2403 Medea
506 2361 653 2404 mirata
673 2371 735 2404 est
756 2363 918 2414 ducem,

276 2428 427 2484 Ignota
449 2429 577 2471 tauris
591 2430 856 2486 'illigaturum
872 2431 979 2486 juga

330 2496 534 2538 Pei-unxit
554 2497 633 2540 hoc
656 2498 847 2540 Iasonem
864 2514 873 2539 :

272 2564 370 2606 Hoc
390 2564 586 2607 delibutis
606 2566 695 2608 ulta
715 2567 834 2609 donis
855 2567 1061 2622 pellicem,

331 2633 531 2688 Serpente
549 2634 659 2691 fugit
680 2635 789 2677 alite.

274 2699 364 2741 Nec
385 2708 524 2743 tantus
546 2717 726 2759 unquam
750 2704 928 2746 siderum
952 2704 1104 2746 insedit
1126 2718 1254 2759 vapor

332 2766 564 2811 siticulosae
586 2771 807 2825 Appuliae3

1303 2839 1377 2878 r2

1511 283 1568 338 67

1509 533 1566 577 60

1505 871 1560 915 65

1500 2366 1555 2406 10

1495 2704 1550 2744 15
