1962 3268
406 301 490 343 182
829 313 869 342 Q.
901 311 1095 339 HOBATII
1127 311 1296 341 FLAccl

411 415 578 459 Scilicet
596 422 644 457 ut
663 413 738 457 tibi
759 428 802 457 se
821 415 992 457 laudare
1011 422 1051 457 et
1073 414 1233 457 tradere
1253 429 1389 466 coner,

406 485 594 539 Dignum
617 491 752 524 mente
773 484 974 539 domoque
994 483 1168 537 legentis
1189 484 1364 525 honesta
1384 482 1588 532 Neroni33

407 552 586 594 Munere
606 566 698 593 cum
718 551 837 605 fungi
853 551 1052 606 propioris
1073 559 1210 592 censet
1229 550 1374 599 amici;

406 620 518 671 Quid
537 619 704 674 possim,
725 619 840 660 videt
859 633 906 660 ac
927 619 1042 660 novit
1062 633 1128 660 me
1148 619 1309 660 valdius
1325 619 1429 674 ipso.

402 686 545 728 Multa
565 687 728 742 quidem
750 686 851 736 dixi,
873 701 945 727 cur
964 694 1178 728 excusatus
1199 686 1350 727 abirem
1368 701 1377 727 ε

406 755 488 796 Sed
509 754 643 804 timui,
665 769 755 795 mea
774 769 826 795 ne
845 753 1011 795 finxisse
1032 753 1189 795 minora
1208 762 1389 808 putarer,

403 822 697 864 Dissimulator
716 820 804 876 opis
819 821 1010 874 propriae,
1031 820 1135 860 mihi
1156 821 1392 861 commodus
1407 821 1494 862 uni.

405 890 474 932 Sic
494 904 584 944 ego,
606 888 769 942 majoris
789 886 950 940 fugiens
972 886 1189 940 opprobria
1209 887 1358 941 culpae,

402 957 570 999 Frontis
591 956 643 997 ad
662 955 830 995 urbanae
850 953 1043 994 descendi
1061 954 1245 1008 praemia.
1306 955 1429 1004 Quod
1449 955 1484 995 si

402 1024 650 1079 Depositum
669 1023 814 1063 laudas
830 1022 882 1062 ob
902 1020 1022 1061 amici
1035 1021 1153 1075 jussa
1172 1022 1387 1076 pudorem,

403 1092 543 1133 Scribe
563 1090 623 1132 tui
639 1089 776 1145 gregis
794 1088 920 1138 hunc,
942 1096 983 1129 et
1003 1088 1149 1130 fortem
1171 1089 1292 1130 crede
1310 1090 1558 1143 bonumque.

866 1284 1180 1325 EPISTOLA
1210 1285 1264 1325 X.

790 1402 851 1430 AD
883 1402 1060 1430 FUSCUM
1092 1404 1334 1432 ARISTIUM.

396 1498 546 1539 Unms
568 1502 787 1537 amatorem
810 1495 991 1536 Fuscum
1014 1494 1169 1537 salvere
1182 1495 1378 1551 jubemus

396 1564 525 1606 Ruris
546 1571 759 1612 amatores,
783 1562 861 1603 hac
881 1562 924 1603 in
939 1577 983 1604 re
1004 1563 1159 1604 scilicet
1179 1578 1261 1605 una

395 1631 580 1672 Multum
598 1630 830 1680 dissimiles,
851 1639 893 1671 at
914 1638 1061 1671 caetera
1080 1644 1184 1684 pene
1204 1630 1384 1685 gemelli,

396 1698 608 1739 Fraternis
629 1697 789 1747 animiS,
810 1696 1005 1752 quicquid
1025 1705 1149 1752 negat
1170 1697 1286 1748 alter,
1309 1707 1350 1739 et
1369 1699 1497 1749 alter3

395 1766 635 1807 Annuimus
655 1765 808 1819 pariter
827 1764 956 1806 vetuli
975 1764 1144 1819 notique
1165 1764 1356 1806 columbi.

398 1835 470 1874 Tu
489 1833 633 1873 nidum
655 1847 806 1883 servas,
829 1847 904 1887 ego
924 1832 1049 1873 laudo
1069 1832 1174 1872 ruris
1196 1833 1348 1874 amoeni

397 1899 544 1947 Rivos,
567 1907 607 1940 et
629 1913 768 1939 musco
790 1899 1018 1940 circumlita
1038 1914 1149 1949 saxa,
1171 1914 1409 1954 nemusque.

396 1966 509 2016 Quid
524 1964 706 2020 quaeris?
739 1964 833 2005 vivo
854 1973 895 2005 ct
915 1980 1055 2019 regno,
1073 1965 1195 2005 simul
1217 1966 1294 2006 ista
1314 1966 1461 2021 reliqui

396 2034 501 2084 Quae
521 2047 593 2073 vos
613 2033 666 2073 ad
687 2032 837 2072 coelum
859 2031 1011 2072 effertis
1031 2046 1192 2072 rumore
1214 2033 1391 2073 secundo
1408 2048 1418 2074 :

394 2101 539 2154 thue
559 2098 778 2140 sacerdotis
793 2097 1012 2151 fugitivus,
1030 2098 1113 2139 liba
1134 2113 1301 2146 recuso;

395 2168 511 2208 Pane
532 2180 631 2220 egeo
645 2165 734 2220 jam
755 2164 920 2205 mellitis
941 2164 1099 2219 potiore
1119 2165 1330 2219 placentis.

395 2234 543 2275 Vivere
563 2241 722 2274 naturae
743 2233 775 2274 si
798 2232 1088 2274 convenienter
1109 2241 1283 2288 oportet,

393 2300 685 2355 Ponendaeque
706 2301 827 2340 domo
847 2300 1067 2355 quaerenda
1088 2308 1148 2341 est
1169 2315 1261 2341 area
1280 2300 1473 2354 primum,

395 2367 614 2409 Novistine
635 2367 769 2407 locum
790 2366 989 2420 potiorem
1009 2381 1103 2408 rure
1122 2368 1272 2408 beato?

381 2435 475 2480 ¹Est
494 2433 566 2474 ubi
584 2433 678 2487 plus
699 2441 866 2487 tepeant
887 2433 1072 2474 hiemes?
1103 2433 1174 2474 ubi
1194 2434 1348 2488 gratior
1368 2448 1466 2475 aura

393 2499 545 2541 Leniat
566 2507 606 2540 et
626 2499 777 2539 rabiem
802 2500 942 2550 Canis,
964 2509 1004 2541 et
1025 2510 1231 2541 momenta
1251 2500 1420 2551 Leonis,

394 2568 504 2608 Cum'
524 2566 648 2606 semel
668 2567 824 2620 accepit
845 2567 969 2607 solem
990 2567 1236 2607 furibundus
1257 2568 1454 2606 acutum?

361 2654 364 2659 ·
392 2636 473 2676 Est
493 2633 562 2674 ubi
583 2633 752 2673 divellat
773 2647 933 2673 somnos
954 2633 1089 2675 minus
1110 2633 1251 2673 invida
1272 2635 1398 2674 cura?

391 2701 586 2744 Deterius
608 2699 779 2753 Libycis
800 2699 882 2740 olet
903 2708 974 2740 aut
994 2699 1099 2740 nitet
1119 2699 1246 2740 herba
1267 2699 1418 2754 lapillis
1435 2703 1453 2741 ?

390 2768 537 2811 Purior
552 2766 595 2807 in
614 2766 717 2807 vicis
736 2780 840 2821 aqua
861 2766 993 2808 tendit
1013 2780 1201 2821 rumpere
1221 2766 1451 2820 plumbum,

1666 889 1724 930 10

1661 2103 1718 2144 10
