1962 3268
419 333 475 372 22
846 344 886 374 Q.
917 344 1111 372 noum-11
1145 345 1311 373 FLAccr

424 446 549 484 Artes
570 458 670 498 quas
691 444 834 484 doceat
853 444 987 499 quivis
1007 459 1129 499 eques
1150 453 1272 499 atque
1294 454 1456 486 senator

424 512 563 552 Semet
582 519 823 566 prognatos:
857 520 1009 553 vestem
1031 526 1246 567 servosque
1266 522 1493 568 sequentes,

427 579 479 618 In
502 592 648 633 magno
668 587 715 619 ut
735 579 901 633 populo,
923 579 957 620 si
978 579 1068 634 quis
1090 579 1273 629 vidisset,
1293 579 1403 621 avita

427 647 495 686 Ex
514 661 558 687 re
578 646 749 700 praeberi
770 654 928 687 sumtus
947 645 1050 686 mihi
1071 645 1253 687 crederet
1272 646 1378 687 illos.
1686 650 1744 690 80

429 714 526 768 Ipse
547 713 648 754 mihi
668 722 803 754 custos
823 713 1196 768 incorruptissimus
1216 727 1356 755 omnes

428 781 593 822 Circum
615 782 801 822 doctores
821 781 974 822 aderat.
1034 779 1146 830 Quid
1166 779 1326 821 multa?
1357 780 1552 835 pudicum

431 848 534 899 (Qui
555 848 709 903 primus
730 847 896 888 virtutis
916 847 1063 896 honos)
1085 847 1260 887 servavit
1280 846 1331 887 ab
1353 847 1464 887 omni

429 916 526 956 Non
547 915 678 955 solum
698 915 822 962 facto,
844 928 985 955 verum
1006 913 1223 967 opprobrio
1243 927 1404 968 quoque
1425 914 1559 969 turpi:

431 983 520 1023 Nec
541 982 695 1035 timuit,
718 981 797 1022 sibi
817 995 868 1022 ne
890 980 991 1022 vitio
1012 980 1103 1035 quis
1126 988 1313 1029 verteret,
1336 980 1433 1021 olim
1691 984 1748 1024 85

432 1049 477 1089 Si
497 1063 632 1103 praeco
651 1063 812 1104 parvas,
834 1057 905 1089 aut
928 1048 989 1100 (ut
1004 1047 1084 1088 fuit
1104 1047 1211 1102 ipse)
1234 1055 1395 1088 coactor

431 1117 648 1157 Mercedes
661 1130 868 1170 sequerer:
887 1129 1019 1170 neque
1031 1129 1106 1169 ego
1119 1129 1245 1156 essem
1260 1123 1440 1170 questus.
1474 1116 1536 1157 At
1547 1115 1626 1157 hoc
1637 1130 1750 1158 nunc

430 1184 546 1224 Laus
565 1183 627 1224 illi
648 1184 832 1233 debetur,
862 1191 904 1224 et
923 1198 947 1224 a
967 1197 1032 1223 me
1051 1181 1184 1237 gratia
1202 1183 1345 1238 major.

432 1250 507 1291 Nil
527 1265 592 1292 me
612 1251 810 1306 poeniteat
832 1265 974 1292 sanum
1000 1249 1127 1304 patris
1147 1249 1296 1304 hujus:
1333 1265 1461 1305 eoque

431 1316 543 1364 Non,
567 1325 612 1358 ut
632 1331 780 1370 magna
795 1316 889 1358 dolo
908 1316 1061 1356 factum
1082 1323 1205 1369 negat
1225 1329 1312 1356 esse
1332 1330 1405 1356 suo
1425 1330 1532 1369 pars,
1691 1316 1750 1360 90

432 1384 555 1434 Quod
575 1398 655 1424 non
676 1384 875 1438 ingenuos
894 1383 1043 1424 habeat
1063 1382 1272 1437 clarosque
1291 1390 1479 1436 parentes
1494 1398 1568 1430 3-—

433 1451 501 1492 Sic
522 1466 585 1492 me
606 1451 833 1491 defendam.
896 1451 1042 1504 Longe
1062 1463 1152 1490 mea
1171 1450 1374 1504 discrepat
1391 1450 1481 1491 istis

433 1520 493 1559 Et
514 1533 596 1559 vox
618 1527 660 1559 et
678 1518 806 1559 ratio:
838 1531 934 1559 nam
955 1517 990 1557 si
1010 1525 1157 1557 natura
1171 1517 1336 1571 juberet

432 1588 471 1626 A
493 1587 613 1628 certis
633 1586 750 1627 annis
771 1600 904 1627 aevum
925 1598 1105 1625 remeare
1124 1592 1350 1638 peractum,

433 1655 570 1709 Atque
591 1653 690 1694 alios
710 1653 845 1708 legere
865 1652 917 1694 ad
936 1652 1086 1693 fastum
1108 1665 1370 1706 quoscunque
1390 1659 1578 1706 parentes
1592 1668 1665 1700 ;-
1693 1653 1750 1696 95

435 1726 610 1778 Optaret
630 1725 705 1765 sibi
727 1724 923 1780 quisque;
956 1723 1058 1764 meis
1080 1731 1309 1773 contentus,
1330 1722 1522 1764 honestos

435 1792 634 1832 Fascibus
655 1800 695 1832 et
717 1791 827 1832 sellis
846 1791 995 1832 nollem
1018 1790 1120 1831 mihi
1141 1804 1315 1841 sumere,
1337 1790 1504 1831 demens

435 1861 464 1900 J
468 1859 604 1899 udicio
625 1859 765 1913 vulgi;
800 1873 921 1900 sanus
941 1858 1110 1899 fortasse
1130 1866 1215 1907 tuo,
1237 1858 1347 1912 quod

435 1927 599 1968 Nollem
621 1941 723 1966 onus
746 1925 877 1975 (haud
896 1939 1075 1979 unquam
1099 1924 1262 1977 solitus)
1284 1932 1445 1979 portare
1466 1922 1695 1965 molestum.

437 1995 545 2036 Nam
566 1993 668 2034 mihi
689 1992 882 2034 continuo
905 1992 1031 2047 major
1050 1992 1270 2046 quaerenda
1294 1991 1398 2032 foret
1416 2006 1495 2041 res,
1670 1991 1756 2031 100

438 2064 581 2116 Atque
602 2059 805 2101 salutandi
826 2059 988 2113 plures;
1023 2059 1235 2100 ducendus
1256 2067 1296 2099 et
1317 2068 1425 2099 unus

437 2131 497 2170 Et
518 2143 651 2170 comes
672 2128 788 2177 alter,
810 2127 869 2167 uti
890 2141 942 2167 ne
963 2126 1071 2167 solus
1092 2141 1212 2166 rusve
1232 2140 1453 2180 peregreve

439 2196 636 2242 Exil‘em3
669 2195 806 2249 plures
827 2194 986 2235 calones
1011 2202 1132 2248 atque
1153 2193 1299 2234 caballi

441 2262 644 2304 Pascendi
658 2267 678 2310 ;'
702 2262 889 2303 ducenda
908 2261 1116 2316 petorrita.
1177 2261 1217 2301 N
1221 2274 1301 2301 unc
1322 2259 1424 2320 mihi
1445 2269 1559 2301 curto

443 2333 511 2372 Ire
531 2331 628 2372 licet
648 2330 774 2379 mulo,
795 2330 875 2379 vel,
898 2329 931 2369 si
951 2328 1066 2379 libet,
1085 2342 1215 2382 usque
1237 2328 1483 2378 Tarentum,
1672 2328 1757 2368 105

445 2398 718 2439 Mantica'cui
738 2398 898 2438 lumbos
918 2411 1039 2437 onere
1058 2395 1227 2445 ulceret,
1253 2403 1375 2448 atque
1395 2408 1517 2448 eques
1537 2408 1680 2435 armos.

376 2483 378 2487 ·
447 2466 628 2520 Objiciet
649 2479 767 2506 nemo
788 2465 925 2505 sordes
947 2463 1062 2513 mihi,
1086 2476 1186 2517 quas
1206 2460 1295 2508 tibi,
1319 2460 1439 2509 Tilli,

448 2535 554 2585 Cum
578 2533 756 2573 Tiburte
776 2531 843 2572 via
862 2538 1075 2585 praetorem
1097 2528 1278 2582 quinque
1298 2534 1523 2580 sequuntur

450 2602 516 2641 Te
536 2599 667 2654 pueri,
688 2599 871 2639 lasanum
893 2604 1100 2651 portantes
1121 2593 1485 2648 oenophorumque.

449 2668 545 2709 Hoc
565 2681 640 2721 ego
656 2664 908 2706 commodius
928 2677 1048 2717 quam
1071 2671 1131 2712 tu,
1156 2660 1348 2716 praeclare
1370 2670 1543 2712 senator,
1678 2661 1764 2702 110

451 2734 643 2778 Millibus
663 2741 784 2788 atque
804 2732 909 2782 aliis,
928 2731 1023 2771 vivo
1035 2746 1047 2781 ;
1077 2742 1318 2784 quacunque
1339 2726 1467 2768 libido
1487 2737 1562 2778 est,

452 2802 607 2846 Incede
628 2800 763 2849 solus3
793 2806 1007 2854 percontor
1026 2796 1168 2853 quanti
1189 2795 1293 2845 oluS‚
1315 2810 1361 2837 ac
1381 2795 1467 2846 far-3
