1962 3268
385 290 442 330 88
813 305 851 334 Q.
886 306 1078 334 nouA'ru
1111 308 1275 338 masec!

709 462 835 503 ODE
870 463 963 504 ΙΙΙ.
1026 462 1249 511 (METRUM
1284 471 1376 522 xv.)

433 588 493 614 AD
528 588 690 616 NAVEM
725 590 817 620 QUA
849 591 1131 621 VEHEBATUR
1163 594 1397 622 VIRGILIUS
1430 596 1648 626 ATHENAS

872 649 1204 678 PROFICISCENS.

443 746 519 786 Slc
544 754 598 797 te,
621 746 718 788 diva
738 756 883 803 potens
905 750 1049 804 Cypri,
1136 802 1139 804 ,

496 812 564 854 Sic
583 814 728 856 fratres
748 816 939 868 Helenae,
960 817 1097 859 lucida
1118 818 1264 869 sidera,

438 877 745 935 Ventorumque
763 889 878 936 regat
899 890 1028 936 pater,

493 945 711 987 Obstrictis
731 947 836 999 aliis,
858 957 1008 1003 praeter
1029 949 1205 1005 Iapyga,

438 1012 581 1062 Navis,
603 1028 695 1068 quae
716 1014 790 1056 tibi
807 1016 1005 1057 creditum

491 1080 630 1122 Debes
647 1081 883 1137 Virgilium,
905 1083 1057 1126 finibus
1079 1085 1236 1130 Atticis

434 1148 604 1189 Reddas
625 1148 885 1202 incolumem,
906 1165 1061 1206 precor,

489 1216 549 1257 Et
569 1231 703 1258 serves
723 1218 871 1260 animae
887 1220 1102 1262 dimidium
1125 1236 1241 1264 meae.

432 1283 503 1324 Illi
522 1284 645 1325 robur
659 1293 700 1326 et
719 1300 776 1326 aes
798 1286 945 1341 triplex
1346 1342 1351 1347 ³

488 1352 611 1394 Circa
629 1362 772 1408 pectus
792 1363 895 1404 erat,
914 1355 984 1410 qui
1004 1355 1188 1410 fragilem
1212 1358 1316 1401 truci

433 1420 650 1462 Commisit
670 1421 816 1476 pelago
832 1431 958 1463 ratem

485 1488 667 1539 Primus,
687 1503 762 1537 nec
783 1489 921 1530 timuit
942 1490 1194 1545 praecipitem
1216 1492 1407 1534 Africum

430 1558 719 1598 Decertantem
741 1556 1036 1611 Aquilonibus,

484 1624 575 1665 Nec
596 1623 731 1664 tristes
754 1625 943 1679 Hyadas,
965 1640 1040 1667 nec
1060 1627 1212 1668 rabiem
1236 1630 1336 1670 Noti
1356 1646 1367 1677 ;

425 1694 517 1742 Quo
537 1706 616 1732 non
640 1691 790 1732 arbiter
810 1692 951 1733 Adriae

480 1758 635 1813 Major,
659 1758 799 1800 tollere
821 1774 892 1801 seu
913 1775 1063 1815 ponere
1083 1763 1173 1804 vult
1193 1764 1310 1806 freta.
1327 1775 1336 1788 Χ

426 1829 556 1877 Quem
580 1826 720 1867 mortis
740 1827 1086 1883 timuitgradum,

479 1893 561 1944 Qui
583 1893 700 1934 siccis
721 1895 848 1935 oculis
869 1906 1049 1939 monstra
1069 1900 1269 1949 natantia,

422 1962 503 2013 Qui
524 1960 630 2002 vidit
650 1975 761 2003 mare
782 1962 1007 2014 turbidum,
1030 1974 1071 2006 ct

479 2029 660 2071 Infames
681 2029 883 2084 scopulos,
904 2031 1231 2074 Acroceraunia?

420 2100 457 2140 N
462 2096 702 2152 equiequam
725 2098 842 2138 Deus
862 2098 1036 2141 abscidit

474 2165 663 2207 Prudens
685 2165 850 2206 Oceano
870 2165 1117 2210 dissociabili

416 2233 583 2280 Terras,
605 2229 636 2270 si
661 2237 795 2271 tamen
816 2230 972 2285 impiae*

470 2299 567 2339 Non
589 2298 795 2352 tangenda
814 2307 921 2341 rates
942 2301 1176 2344 transiliunt
1192 2305 1311 2346 vada.

413 2367 584 2408 AUDAx
605 2365 741 2406 omnia
759 2367 917 2421 perpeti

379 2476 381 2479 ,
471 2434 587 2475 Gens
609 2433 790 2475 humana
810 2432 893 2477 ruit
915 2449 986 2489 per
1005 2436 1175 2477 vetitum
1198 2438 1324 2479 nefas.

412 2502 567 2544 Audax
589 2500 724 2554 Iapeti
738 2515 869 2555 genus
1108 2544 1110 2547 ,

467 2569 614 2621 Ignem
635 2567 779 2608 fraude
800 2567 906 2610 mala
926 2569 1117 2622 gentibus
1138 2571 1301 2614 intulit:

358 2654 361 2658 ⁴
410 2638 510 2677 Post
530 2634 666 2689 ignem
685 2634 853 2676 aetheria
873 2636 994 2677 domo

464 2696 738 2753 subductum,
761 2703 910 2743 macies
930 2713 969 2744 et
992 2719 1096 2747 nova
1117 2707 1289 2749 febrium

407 2770 549 2813 Terris
569 2769 755 2812 incubuit
777 2770 942 2818 cohors3

1635 1363 1690 1403 10

1630 1703 1694 1748 15.

1614 2379 1671 2418 25
