1962 3268
0 1345 19 1394 μῆ
0 985 22 1318 υς-εε-«ὲωεοπ-ΒῆΨὯΨ
17 938 27 947 ·.,
22 899 23 902 Α
25 829 27 833 »
17 783 25 793 -·
26 702 30 703 =
24 543 29 548 ·
24 474 25 479 Α
27 435 30 438 ’

612 513 665 590 Q.
696 513 742 555 H
746 513 958 555 ORATII
988 513 1208 556 FLACCI

479 593 1342 702 CARMINuM

692 767 861 806 LIBER
889 767 1117 806 PRIMUS.

597 989 726 1031 ODE
760 989 796 1030 1.
861 986 1085 1038 (METRUM
1116 990 1232 1043 xlv.)

694 1104 756 1131 AD
790 1103 1110 1131 MAECENATEM.

297 1192 538 1234 MAECENAS
559 1191 690 1234 atavis
711 1192 823 1234 edite
841 1191 1022 1248 regibus,

296 1261 335 1303 O
355 1267 400 1302 et
417 1259 673 1316 praesidium,
696 1269 737 1302 et
757 1260 880 1302 dulce
899 1260 1025 1302 decus
1047 1275 1200 1313 meum,

296 1328 404 1369 Sunt
424 1342 527 1384 quos
547 1327 754 1370 curriculo
774 1328 987 1384 pulverem
1011 1328 1280 1385 Olympicum

295 1395 525 1453 Collegisse
538 1396 688 1453 juvat;
721 1405 912 1453 metaque
932 1396 1104 1439 fervidis

233 1518 240 1527 ,
292 1463 467 1507 Evitata
486 1464 602 1516 rotis,
622 1464 842 1520 palmaque
862 1464 1014 1507 nobilis

294 1532 520 1574 Terrarum
548 1531 737 1574 dominos
758 1532 897 1574 evehit
917 1533 971 1574 ad
991 1534 1119 1575 Deos.

294 1600 441 1651 Hunc,
463 1599 499 1641 si
519 1599 733 1642 mobilium
756 1601 877 1643 turba
898 1601 1123 1652 Quiritium

294 1668 440 1709 Cel-tat
461 1667 699 1724 tergeminis
721 1668 863 1711 tollere
882 1668 1132 1719 honoribus3

294 1734 440 1787 Illum,
461 1735 496 1777 si
516 1735 682 1792 proprio
703 1737 889 1779 condidit
909 1737 1071 1789 horreo,

291 1802 507 1859 Quidquid
528 1804 580 1846 de
601 1804 775 1860 Libycis
796 1805 974 1848 verritur
994 1806 1125 1856 areis;

294 1870 561 1914 Gaudentem
577 1872 732 1928 patrios
752 1873 908 1916 findere
928 1874 1088 1917 sarculo
1130 1880 1142 1897 ⁶

243 1946 248 1952 “
289 1940 446 1995 Agros,
497 1940 696 1983 Attalicis
717 1941 1023 1984 conditionibus

290 2008 516 2065 Nunquam
538 2009 762 2061 dimoveas,
786 2019 832 2051 ut
853 2010 969 2053 trabe
992 2011 1151 2068 Cypria

290 2076 509 2131 Myrtoum
526 2077 704 2133 pavidus
724 2086 852 2120 nauta
873 2088 983 2121 secet
1004 2094 1128 2122 mare.

290 2143 542 2187 Luctantem
565 2146 713 2187 Icariis
732 2145 927 2188 fluctibus
949 2148 1142 2190 Africum

293 2212 504 2254 Mercator
525 2221 727 2263 metuens,
749 2213 878 2255 otium
902 2223 943 2256 et
964 2216 1108 2271 oppidi

291 2277 460 2320 Laudat
480 2294 577 2321 rura
592 2279 680 2321 sui:
714 2295 810 2323 mox
829 2281 962 2325 reficit
981 2292 1090 2325 rates

278 2346 488 2399 Quassas,
511 2347 703 2390 indocilis
724 2350 960 2406 pauperiem
984 2351 1085 2407 pati.

292 2414 375 2456 Est
393 2414 464 2470 qui
485 2430 563 2458 nec
583 2417 733 2459 veteris
753 2418 902 2473 pocula
923 2420 1113 2472 Massici,

292 2483 384 2525 Nec
403 2492 561 2538 partem
583 2484 715 2527 solido
736 2486 899 2529 demere
920 2488 972 2530 de
993 2488 1061 2530 die

294 2551 476 2607 Spernit,
498 2567 610 2595 nunc
627 2553 751 2596 viridi
772 2556 955 2599 membra
976 2558 1054 2600 sub
1071 2558 1219 2600 arbuto

295 2620 474 2671 Stratus,
495 2635 606 2664 nunc
627 2622 680 2664 ad
702 2638 821 2679 aquae
841 2624 934 2666 lene
955 2633 1080 2681 caput
1101 2641 1240 2670 sacrae.

294 2687 459 2729 Multos
481 2698 612 2732 castra
625 2691 793 2746 juvant,
816 2701 856 2734 et
876 2692 982 2735 lituo
1003 2696 1116 2737 tubae

297 2755 527 2799 Permistus
549 2758 721 2810 sonitus,
744 2760 933 2817 bellaque
956 2763 1155 2805 matribus

293 2822 525 2867 Detestata.
586 2827 736 2870 Manet
757 2829 834 2871 sub
855 2830 965 2872 Jove
984 2830 1137 2886 frigido

1514 1812 1571 1853 10

1515 2155 1571 2198 15
