1962 3268
420 303 504 357 178
803 314 806 316 “
850 318 888 346 Q.
922 315 1118 343 nonATn
1151 316 1314 344 FLACCI

421 415 642 456 Difl'ertum
666 415 836 457 transire
857 414 990 456 forum
1010 416 1293 472 populumque
1305 416 1493 471 jubebat,

423 481 547 524 Unus
566 491 607 525 et
628 498 650 525 e
670 483 811 525 multis
831 483 984 538 populo
1005 492 1216 538 spectante
1235 483 1403 525 referret

421 552 594 592 Emtum
615 551 751 592 mulus
770 565 928 605 aprum.
988 551 1120 593 Crudi
1140 551 1368 607 tumidique
1387 552 1585 600 lavemur,

423 619 535 669 Quid
556 619 711 670 deceat,
733 618 833 674 quid
851 633 948 669 non,
971 619 1101 670 obliti,
1125 619 1278 660 Caerite
1298 634 1390 660 cera

423 686 570 741 Digni,
591 686 806 741 remigium
826 686 1019 727 vitiosum
1041 685 1271 728 Ithacensis
1292 685 1477 741 Ulyssei,

425 753 507 795 Cui
526 753 659 807 potior
678 753 811 808 patria
829 753 910 795 fuit
928 753 1147 795 interdicta
1166 754 1369 808 voluptas.

425 820 486 870 Si,
507 820 782 862 Mimnermus
802 820 863 862 uti
884 829 1036 871 censet,
1053 821 1140 862 sine
1161 835 1296 862 amore
1305 820 1492 876 jocisque

425 886 500 927 Nil
520 895 580 929 est
593 887 825 943 jucundum
843 905 854 936 ;
887 887 1002 928 vivas
1022 887 1066 927 in
1085 901 1220 928 amore
1233 887 1431 942 jocisque.

427 953 546 1003 Vive,
568 954 684 996 vale:
718 953 854 1008 siquid
875 954 1026 995 novisti
1046 954 1200 995 rectius
1221 953 1324 1004 istis,

429 1020 642 1062 Candidus
662 1020 823 1075 imperti
842 1037 852 1068 3
888 1021 921 1061 si
941 1035 1038 1072 non,
1056 1021 1121 1062 his
1138 1029 1252 1063 utere
1272 1036 1444 1063 mecum.

863 1294 1176 1336 EPISTOLA
1206 1296 1313 1336 VII.

889 1415 950 1441 An
980 1414 1293 1442 MAEcENATEM.
1332 1407 1340 1417 '

430 1506 644 1554 Qummm
667 1504 754 1545 dies
776 1504 850 1545 tibi
872 1504 1080 1558 pollicitus
1096 1519 1160 1546 me
1176 1519 1269 1546 rure
1289 1504 1491 1555 futurum,

432 1573 628 1614 Sextilem
650 1581 781 1613 totum
801 1573 980 1614 mendax
1002 1572 1221 1614 desideror.
1280 1572 1409 1628 Atqui

432 1640 477 1681 Si
497 1654 562 1681 me
582 1640 720 1681 vivere
740 1639 802 1680 vis
823 1654 965 1681 sanum
987 1648 1177 1695 recteque
1197 1640 1417 1691 valentem,

432 1710 566 1759 Quam
587 1707 689 1748 mihi
709 1708 783 1748 das
802 1721 929 1762 aegro,
950 1708 1064 1749 dabis
1087 1717 1283 1763 aegrotare
1303 1708 1480 1758 timenti,

433 1775 659 1826 Maecenas,
681 1776 870 1824 veniam;
902 1776 1000 1817 dum
1021 1776 1122 1817 ficus
1143 1775 1274 1831 prima
1293 1776 1481 1831 calorque

432 1842 748 1897 Designatorem
769 1844 934 1884 decorat
954 1843 1165 1885 lictoribus
1186 1844 1312 1892 atris3

433 1910 549 1950 Dum
569 1911 706 1964 pueris
727 1911 857 1951 omnis
878 1919 993 1964 pater
1013 1920 1054 1952 et
1074 1912 1295 1953 matercula
1315 1912 1464 1966 pallet;

435 1976 708 2032 Officiosaque
728 1977 939 2027 sedulitas,
962 1987 1003 2019 et
1023 1979 1156 2032 opella
1176 1979 1347 2019 forensis

434 2044 619 2085 Adducit
641 2044 787 2095 febres,
810 2052 851 2086 et
872 2052 1114 2086 testamenta
1133 2045 1324 2099 resignat.

437 2112 560 2163 Quod
579 2111 614 2153 si
633 2112 778 2153 bruma
797 2112 912 2152 nives
933 2112 1111 2153 Albanis
1130 2112 1263 2153 illinet
1284 2113 1407 2167 agris,

436 2180 504 2221 Ad
524 2194 634 2221 mare
654 2180 873 2221 descendet
892 2187 1006 2221 vates
1027 2187 1138 2230 tuus,
1160 2187 1202 2221 et
1223 2179 1301 2221 sibi
1320 2188 1479 2235 parcet,

439 2249 765 2302 Contractusque
785 2247 894 2302 leget
911 2264 922 2295 ;
957 2255 1010 2297 te,
1033 2247 1165 2288 dulcis
1186 2248 1330 2297 amice,
1350 2247 1501 2289 reviset

440 2317 548 2356 Cum
570 2313 792 2369 Zephyris,
815 2315 849 2355 si
871 2315 1082 2366 concedes,
1105 2323 1146 2356 et
1165 2315 1387 2356 hirundine
1406 2315 1550 2370 prima.

440 2383 536 2425 Non
557 2390 768 2436 quo'more
788 2381 900 2435 pyris
922 2381 1031 2422 vesci
1053 2382 1227 2423 Calaber
1241 2383 1362 2438 jubet
1381 2382 1543 2437 hospeS,

378 2475 381 2479 -
441 2450 514 2489 Tu
535 2463 598 2489 me
618 2448 750 2489 fecisti
771 2449 1030 2502 locupletem.
1091 2449 1128 2495 ἹῙ
1148 2450 1322 2490 Vescere
1342 2450 1471 2491 sodes.

439 2517 586 2575 {elam
609 2516 706 2557 satis
726 2523 800 2556 est.
843 2515 889 2572 Ἣ
894 2517 957 2556 At
978 2524 1024 2556 tu
1044 2516 1307 2570 quantumvis
1328 2516 1438 2557 tolle.
1514 2515 1758 2571 fflBenigne.
1827 2537 1837 2542 s

440 2584 487 2641 ἿῙ
493 2585 533 2624 Ν
536 2598 588 2623 on
607 2583 741 2624 invisa
759 2583 863 2623 feres
884 2583 1021 2637 pueris
1041 2583 1283 2625 munuscula
1302 2583 1452 2637 parvis.

441 2651 602 2709 {Tam
624 2659 763 2691 teneor
783 2651 890 2691 dono
910 2665 1032 2704 quam
1054 2650 1088 2691 si
1109 2650 1293 2691 dimittar
1313 2659 1496 2692 onustus.

442 2720 486 2777 ἾῙ
492 2720 556 2760 Ut
575 2718 676 2759 libet
692 2734 701 2759 ε
735 2717 825 2759 haec
841 2717 973 2772 porcis
994 2717 1116 2759 hodie
1138 2719 1388 2760 comedenda
1407 2718 1674 2775 relinquis.—

444 2786 650 2841 Prodigus
670 2794 711 2827 et
727 2785 878 2827 stultus
897 2786 1025 2827 donat
1045 2800 1136 2840 quae
1157 2786 1312 2840 spernit
1332 2794 1373 2827 et
1393 2786 1493 2827 odit.

1689 819 1744 862 65

1701 2113 1756 2154 10

1703 2450 1757 2491 15

1702 2789 1759 2828 20
