1962 3268
1531 272 1550 291 Ο

640 324 966 355 ΕΡιετοῐ,ΑιισΜ
998 324 1087 354 Lm.
1122 326 1154 353 1.
1185 313 1255 354 18.
1531 311 1617 357 193

286 428 318 448 “
336 426 397 469 Et
416 426 520 469 mihi
535 427 711 470 dividuo
732 427 914 470 findetur
933 441 1103 468 munere
1123 426 1317 482 quadra.”

288 495 374 537 Sed
394 494 543 537 tacitus
562 494 675 550 pasci
696 494 730 536 si
750 502 889 550 posset
908 509 1071 545 corvuS,
1099 494 1270 536 haberet
1559 496 1617 536 50

287 562 392 604 Plus
419 563 554 618 dapis,
574 571 617 604 et
635 561 736 604 rixae
757 556 890 604 multo
905 562 1043 603 minus
1061 562 1340 618 invidiaeque..

287 630 576 672 Brundusium
598 644 732 671 comes
749 638 821 672 aut
844 630 1089 671 Surrentum
1106 630 1257 671 ductus
1277 644 1501 680 amoenum,

285 697 371 749 Qui
389 697 575 754 queritur
594 697 790 749 salebras,
811 706 854 739 et
874 697 1067 739 acerbum
1087 696 1235 752 frigus,
1259 706 1300 739 et
1320 698 1486 749 imbres,

285 766 380 808 Aut
399 765 543 809 cistam
564 765 775 808 effractam
797 773 869 808 aut
890 764 1095 807 subducta
1115 764 1267 807 viatica
1287 765 1437 820 plorat,

286 834 399 877 Nota
412 834 538 877 refert
553 834 779 876 meretricis
798 833 1004 886 acumina,
1022 846 1134 889 saepe
1151 833 1357 884 catellam,
1562 836 1618 876 55

287 902 410 959 Saepe
428 903 712 959 periscelidem
731 911 891 959 raptam
909 902 988 944 sibi
1009 902 1172 951 flentis;
1206 901 1270 943 uti
1290 916 1386 945 mox

287 971 418 1014 Nulla
437 971 540 1014 fides
561 971 722 1013 damnis
743 971 932 1027 verisque
952 971 1162 1013 doloribus
1179 970 1298 1013 adsit.

287 1039 379 1080 Nec
399 1039 526 1081 semel
546 1039 689 1081 irrisus
706 1038 839 1080 triviis
862 1039 1048 1081 attollere
1068 1047 1187 1081 curat

286 1107 440 1149 Fracto
459 1122 578 1150 crure
596 1107 766 1163 planum
783 1123 792 1148 ε
825 1106 923 1149 licet
943 1107 1006 1148 illi
1026 1107 1205 1163 plurima
1225 1117 1365 1151 manet

286 1174 507 1224 Lacrima;
539 1190 614 1231 per
637 1184 823 1218 sanctum
838 1175 1004 1230 juratus
1025 1175 1135 1218 dicat
1157 1176 1329 1228 Osirim,
1561 1177 1625 1219 60.

288 1242 474 1294 Credite,
497 1257 582 1285 non
601 1243 730 1292 ludo;
764 1243 952 1285 crudeles
974 1243 1108 1285 tollite
1124 1244 1343 1286 claudum:

285 1311 437 1361 Quaere
457 1312 735 1368 peregrinum,
758 1310 911 1353 vicinia
930 1325 1055 1353 rauca
1076 1311 1284 1354 reclamat.

683 1516 1007 1599 EPISTOLA
1040 1537 1227 1579 XVIII.

812 1653 875 1679 AD
906 1652 1127 1680 LOLLIUM-

287 1746 338 1787 S1
360 1744 466 1786 bene
486 1752 527 1786 te
546 1742 661 1793 novi,
683 1751 858 1794 metues,
882 1742 1089 1786 liberrime
1112 1743 1240 1795 Lolli,

286 1811 522 1864 Scurrantis
542 1811 720 1866 speciem
736 1812 935 1867 praebere,
957 1812 1165 1868 professus
1183 1812 1374 1855 amicum.

289 1882 354 1923 Ut
373 1888 561 1923 matrona
581 1873 795 1923 meretrici*
809 1881 950 1937 dispar
965 1881 1043 1923 erit
1063 1890 1188 1937 atque

287 1948 495 2000 Discolor,
516 1948 646 1991 infido
662 1963 814 1991 scurrae
834 1949 1006 1991 distabit
1026 1949 1195 1991 amicus.

285 2017 369 2059 Est
387 2015 487 2058 huic
501 2015 710 2058 diversum
727 2016 830 2059 vitio
850 2016 1001 2059 vitium
1016 2031 1145 2073 prope
1161 2017 1310 2074 majus,

286 2084 507 2140 Asperitas
527 2083 716 2139 agrestis,
737 2091 779 2126 et
798 2084 1060 2136 inconcinna,
1081 2085 1316 2141 gravisque,

287 2153 394 2204 Quae
414 2167 459 2195 se
478 2153 740 2194 commendat
761 2150 881 2195 tonsa
910 2161 1019 2204 cute,
1042 2153 1236 2195 dentibus
1256 2153 1384 2202 atris;

287 2222 404 2262 Dum
425 2220 518 2262 vult
536 2220 706 2262 libertas
726 2220 810 2262 dici
831 2236 957 2271 mera,
974 2235 1151 2276 veraque
1168 2221 1312 2262 virtus.

288 2287 464 2330 Vm’rns
485 2295 548 2329 est
567 2287 748 2329 medium
770 2287 982 2340 vitiorum,
1004 2297 1046 2331 et
1061 2289 1255 2345 utrinque
1274 2290 1504 2333 reductum.

287 2356 421 2406 Alter,
441 2355 486 2396 in
502 2355 742 2411 obsequium
762 2356 857 2412 plus
877 2372 996 2413 aequo
1011 2371 1182 2413 pronus,
1198 2365 1240 2399 et
1260 2356 1332 2398 imi
1570 2360 1621 2401 10

287 2423 461 2466 Derisor
479 2423 594 2476 lecti,
615 2424 674 2466 sic
695 2433 843 2467 nutum
864 2425 1007 2467 divitis
1028 2425 1181 2477 horret,

289 2488 359 2532 Sic
378 2488 500 2531 iterat
520 2503 657 2541 voces,
673 2498 715 2532 et
735 2490 861 2533 verba
880 2491 1072 2533 cadentia
1098 2490 1223 2543 tollit,

287 2559 353 2600 Ut
367 2571 540 2614 puerum
562 2571 673 2599 saevo
693 2558 836 2600 credas
857 2558 1013 2601 dictata
1033 2559 1231 2615 magistro

288 2626 498 2676 Reddere,
519 2625 586 2668 vel
606 2634 743 2681 partes
764 2626 937 2669 mimum
959 2635 1136 2670 tractare
1159 2628 1358 2671 secundas
1375 2644 1383 2669 :

286 2694 427 2744 Alter,
447 2693 616 2745 rixator,
638 2695 691 2737 de
710 2695 805 2737 lana
826 2710 935 2752 saepe
956 2696 1125 2752 caprina
1274 2712 1278 2716 ·
1564 2700 1618 2740 15

288 2764 533 2817 Propugnat
552 2762 675 2818 nugis
696 2772 899 2806 armatus:
936 2765 1118 2815 Scilicet,
1139 2773 1187 2806 ut
1206 2780 1290 2807 non

286 2831 351 2872 Sit
373 2828 475 2871 mihi
496 2828 629 2883 prima
650 2829 767 2881 fides,
791 2839 832 2872 et
850 2846 944 2873 vere
960 2834 1070 2887 quod
1087 2833 1223 2887 placet
1239 2841 1286 2874 ut
1302 2848 1384 2874 non

1419 2904 1444 2928 0

1595 2024 1620 2062 C!
