1962 3268
395 295 454 340 96
820 310 860 340 Q.
893 305 1086 336 noRA'Tu
1121 309 1283 337 FLAcei

449 410 599 452 Gentis
619 387 812 451 hiimanae
832 416 948 464 pater
968 417 1090 464 atque
1109 417 1259 459 custos,

447 479 552 520 Orte
574 479 764 527 Saturno,
786 476 861 518 tibi
882 491 980 518 cura
999 477 1138 532 magni
1651 477 1708 518 50

448 546 624 589 Caesaris
643 545 738 587 fatis
758 545 880 586 data:
913 552 960 586 tu
980 545 1160 587 secundo

618 614 781 655 Caesare
801 627 958 668 regnes.

447 681 542 732 Ille,
565 695 637 722 seu
657 679 834 722 Parthos
855 673 980 722 Latio
998 679 1258 723 imminentes

445 748 593 804 Egerit
606 748 722 804 justo
742 748 919 789 domitos
939 747 1163 803 triumpho,

445 817 542 859 Sive
562 816 765 871 subjectos
787 815 970 857 Orientis
989 830 1071 856 orae
1649 818 1705 858 55

617 885 736 924 Seras
756 890 798 924 et
819 883 966 933 Indos,

442 952 509 992 Te
529 950 662 992 minor
680 950 810 991 latum
831 957 945 1004 reget
961 963 1102 1004 aequus
1123 950 1258 991 orbem
1276 967 1283 991 :

442 1020 515 1059 Tu
535 1017 651 1073 gravi
671 1031 792 1058 curru
811 1017 969 1072 quaties
991 1017 1215 1072 Olympum
1232 1034 1243 1065 3

442 1087 515 1127 Tu
534 1099 679 1140 parum
701 1085 822 1126 castis
842 1084 1010 1127 inimica
1029 1085 1167 1126 mittes

611 1152 809 1195 Fulmina
829 1153 947 1195 lueis.
1647 1152 1704 1195 60

779 1469 906 1510 ODE
937 1470 1082 1510 XIII.
1144 1468 1213 1518 (M.
1236 1472 1327 1523 xv.)
1944 1453 1962 1522 ξ,

892 1613 954 1640 AD
987 1612 1185 1641 LYDIAM.

434 1738 541 1778 CUM
564 1744 625 1788 tu,
646 1736 801 1792 Lydia,
824 1735 1007 1791 Telephi

491 1804 705 1846 Cervicem
726 1819 899 1854 roseam,
922 1818 1038 1846 cerea
1059 1803 1240 1859 Telephi

434 1871 603 1913 Laudas
621 1871 803 1923 brachia,
826 1872 924 1913 Vae!
958 1886 1098 1913 meum

489 1938 670 1979 Fervens
691 1938 851 1980 difficili
871 1939 953 1980 bile
974 1947 1106 1980 tumet
1119 1939 1249 1994 jecur.

433 2005 559 2046 Tunc
578 2019 654 2047 nec
675 2020 789 2047 mens
810 2005 928 2056 mihi,
950 2020 1025 2046 nec
1045 2006 1154 2047 color

488 2072 613 2114 Certa
633 2073 728 2114 sede
748 2082 910 2120 manet;
943 2073 1091 2115 humor
1112 2081 1153 2115 et
1174 2073 1215 2114 in
1235 2088 1361 2128 genas

431 2139 596 2181 Furtim
615 2139 782 2192 labitur,
804 2155 981 2196 arguens

487 2206 622 2256 Quam
641 2207 764 2249 lentis
784 2208 948 2262 penitus
968 2222 1147 2250 macerer
1165 2207 1342 2263 ignibus.

428 2275 556 2326 Uror,
577 2290 650 2316 seu
670 2275 745 2317 tibi
765 2275 961 2317 candidos

487 2341 732 2399 Turpfirunt
751 2344 942 2386 humeros
962 2343 1193 2385 immodicae
1214 2358 1325 2385 mero
1640 2346 1695 2387 10

428 2412 576 2460 Rixae;
611 2412 697 2454 sive
715 2427 818 2467 puer
837 2411 976 2453 furens

485 2480 701 2534 Impressit
721 2493 938 2520 memorem
961 2479 1084 2520 dente
1104 2479 1229 2521 labris
1251 2487 1402 2520 notam.

427 2549 540 2598 Non,
562 2547 596 2588 si
618 2562 682 2588 me
704 2546 800 2588 satis
820 2546 977 2600 audias,

485 2616 631 2669 Speres
651 2622 911 2669 perpetuum,
933 2613 1070 2654 dulcia
1089 2613 1258 2655 barbare

427 2683 668 2724 Laedentem
691 2681 842 2731 oscula,
863 2695 955 2736 quae
977 2681 1118 2721 Venus
1636 2687 1690 2728 15

487 2751 642 2801 Quinta
661 2758 776 2804 parte
797 2748 858 2789 sui
880 2748 1055 2789 nectaris
1075 2748 1235 2789 imbuit.

1668 2010 1694 2048 ΕΠ
