1962 3268
0 1365 7 1381 ,

624 304 880 333 cuminum
913 304 1005 333 Lu.
1035 303 1110 332 ιιι.
1141 289 1210 334 29.

267 423 476 468 Inclinare
494 420 709 464 meridiem

326 491 492 540 Sentis;
525 503 588 540 ac,
610 487 742 529 veluti
762 494 843 529 stet
863 486 1042 529 volueris
1063 486 1167 538 dies,

267 560 412 604 Parcis
431 557 618 613 deripere
635 554 782 597 horreo

327 629 568 671 Cessantem
589 623 735 666 Bibuli
755 622 936 665 consulis
956 623 1210 680 amphoram.

267 697 358 740 Nos
377 692 634 738 cantabimus
653 691 831 734 invicem

324 763 587 819 Neptunum,
609 767 651 802 et
670 759 823 802 virides
843 761 1074 803 Nereidum
1095 774 1256 803 comas:

267 833 343 875 Tu
361 845 492 874 curva
510 829 668 872 recines
687 828 779 884 lyra

323 901 547 950 Latonam,
568 906 610 940 et
630 897 774 939 celeris
796 897 956 953 spicula
977 897 1198 954 Cynthiae:

269 969 441 1011 Summo
461 965 656 1017 carmine,
677 980 772 1021 quae
794 965 963 1008 Cnidon

326 1035 642 1092 Fulgentesque
663 1041 777 1076 tenet
798 1033 1022 1089 Cycladas,
1044 1041 1086 1076 et
1110 1033 1286 1090 Paphon

267 1108 299 1149 J
301 1105 438 1148 unctis
458 1103 557 1146 visit
575 1103 780 1146 oloribus:

325 1174 504 1217 Dicetur
521 1172 668 1215 merita
688 1172 788 1213 Nox
810 1184 975 1226 quoque
994 1171 1145 1213 naenia.

563 1441 693 1484 ODE
727 1439 924 1482 XXIX.
987 1437 1063 1490 (M.
1084 1440 1196 1491 xm.)

674 1552 737 1578 AD
767 1550 1086 1579 MAECENATEM.

267 1633 542 1676 Traanmu
562 1643 707 1685 regum
727 1628 960 1685 progenies,
982 1627 1058 1670 tibi

270 1703 371 1745 Non
391 1708 488 1744 ante
507 1713 625 1742 verso
644 1698 737 1740 lene
757 1711 915 1739 merum
935 1697 1039 1739 cado

329 1772 438 1813 Cum
457 1767 572 1819 flore,
594 1766 821 1817 Maecenas,
836 1780 1037 1817 rosarum,
1058 1774 1099 1807 et

385 1838 534 1880 Pressa
554 1836 637 1878 tuis
654 1835 827 1878 balanus
846 1834 1007 1891 capillis

269 1909 302 1950 J
304 1906 531 1950 amdudum
551 1905 663 1961 apud
683 1919 750 1945 me
770 1912 857 1946 est:
891 1904 1004 1959 eripe
1025 1912 1066 1945 te
1085 1917 1211 1945 morae
1227 1920 1240 1955 ;

269 1977 335 2019 Ut
355 1974 663 2031 semper-udum
687 1973 826 2015 Tibur
846 1980 888 2014 et
907 1971 1072 2014 AEsulae

329 2044 506 2091 Declive
525 2041 814 2097 contempleris
834 2055 995 2092 arvum,
1016 2049 1057 2084 et

386 2111 592 2167 Telegoni
606 2111 713 2166 juga
731 2109 961 2165 parricidae.

273 2180 550 2224 Fastidiosam
572 2179 712 2221 desere
729 2177 905 2232 copiam,
926 2186 968 2219 et

273 2249 435 2293 Molem
456 2246 730 2303 propinquam
751 2245 931 2287 nubibus
952 2245 1114 2287 arduis:

331 2316 492 2360 Omitte
512 2314 652 2357 mirari
672 2314 806 2356 beatae

389 2386 573 2428 Fumum
594 2391 636 2425 et
656 2397 753 2439 opes
773 2381 1072 2439 strepitumque
1093 2383 1254 2426 Romae.

274 2454 526 2510 Plerumque
545 2460 675 2508 gratae
694 2450 894 2493 divitibus
910 2450 1035 2502 vices,

274 2522 536 2578 Muudoeque
554 2535 683 2577 parvo
703 2519 780 2562 sub
800 2519 886 2562 lare
906 2534 1133 2575 pauperum

332 2592 492 2642 Coenae,
514 2589 602 2631 sine
622 2588 765 2632 aulaeis
783 2597 825 2631 et
845 2597 969 2639 ostro,

391 2657 603 2700 Solicitam
625 2657 856 2714 explicuere
875 2657 1068 2699 frontem.

275 2728 304 2770 J
310 2741 375 2769 am
396 2726 531 2769 clarus
550 2726 757 2768 occultum
779 2725 1064 2767 Andromedae
1084 2734 1203 2782 pater

277 2793 474 2838 Ostendit
492 2793 657 2850 ignem;
684 2794 772 2850 jam
794 2795 985 2849 Procyon
1005 2794 1120 2846 furit,

1462 284 1546 330 165

1492 759 1549 800 10

1494 1102 1549 1142 15

1497 2249 1553 2290 10

1498 2591 1551 2632 15
