1962 3268
427 300 483 344 90
857 315 898 346 Q.
916 315 1111 344 HORATII
1145 318 1310 347 marcel

759 430 886 472 ODE
920 431 971 472 V.
1033 430 1254 482 (METRUM
1278 438 1413 490 xv11.)

909 561 971 587 AD
1004 561 1090 588 PYR
1097 562 1227 591 RHAM
1234 583 1242 589 .

482 657 593 706 Quis
615 656 745 698 multa
764 658 928 712 gracilis
950 667 990 700 te
1010 674 1113 714 puer
1131 662 1174 703 in
1195 678 1286 706 rosa

482 725 678 766 Perfusus
698 725 865 780 liquidis
881 736 1030 782 urguet
1051 729 1242 772 odoribus

539 792 686 843 Grato,
704 792 878 848 Pyrrha,
901 795 977 836 sub
998 804 1115 837 antro
1132 799 1150 837 ἓ

596 860 677 901 Cui
697 860 842 902 flavam
866 861 1014 916 religas
1029 878 1184 906 comam

483 927 667 981 Simplex
684 927 927 969 munditiis?
960 930 1061 971 Heu
1080 931 1239 986 quoties
1260 933 1382 975 fidem

480 996 750 1049 Mutatosque
769 995 870 1036 deos
889 995 1017 1047 flebit,
1039 1006 1081 1038 et
1101 1013 1243 1052 aspera

537 1061 680 1116 Nigris
700 1076 863 1117 aequora
882 1064 1016 1105 ventis

592 1129 849 1171 Emirabitur
868 1130 1061 1184 insolens,

479 1195 562 1247 Qui
582 1210 692 1237 nunc
712 1204 752 1238 te
770 1196 922 1239 fruitur
943 1200 1132 1242 credulus
1152 1216 1298 1250 aurea3

479 1263 562 1315 Qui
583 1278 742 1319 semper
762 1279 948 1317 vacuam,
971 1282 1128 1323 semper
1149 1270 1362 1311 amabilem

537 1331 697 1385 Sperat,
718 1332 879 1374 nescius
900 1348 1011 1375 aurae

589 1398 768 1440 Fallacis
784 1401 792 1439 !
856 1400 1002 1442 Miseri
1022 1402 1170 1457 quibus

479 1465 691 1508 Intentata
709 1466 829 1508 nites.
891 1469 968 1509 Me
989 1470 1128 1511 tabula
1147 1485 1259 1512 sacer

478 1531 628 1574 Votiva
647 1534 780 1587 paries
800 1534 957 1577 indicat
976 1536 1104 1579 uvida

536 1601 805 1655 Suspendisse
824 1603 983 1657 potenti

592 1668 847 1712 Vestimenta
867 1671 989 1713 maris
1011 1673 1116 1714 Deo.

757 1870 884 1911 ODE
916 1870 994 1911 VI.
1059 1868 1278 1919 (METRUM
1300 1877 1412 1928 xvr.)

914 1975 975 2002 AD
999 1974 1056 2001 AG
1065 1975 1253 2003 RIPPAM.

477 2052 721 2092 Scmmzms
745 2050 869 2091 Vario
888 2050 1019 2099 fortis,
1043 2059 1084 2092 et
1104 2050 1284 2093 hostium

476 2117 632 2166 Victor,
654 2117 827 2158 Maeonii
849 2117 1040 2159 carminis
1060 2118 1164 2170 aliti,

476 2187 610 2236 Quam
631 2199 716 2227 rem
738 2199 899 2240 cunque
916 2184 1032 2227 ferox
1052 2186 1227 2228 navibus
1247 2195 1319 2229 aut
1339 2189 1454 2244 equis

705 2252 833 2294 Miles
854 2261 894 2294 te
915 2253 1019 2295 duce
1037 2254 1219 2308 gesserit.

474 2322 579 2371 Nos,
604 2321 807 2376 Agrippa,
829 2334 961 2375 neque
981 2321 1072 2363 haec
1092 2322 1241 2372 dicere,
1262 2337 1338 2364 nec
1357 2338 1522 2378 gravem

475 2388 927 2438 Pelidae'stomachum‚
950 2390 1091 2430 cedere
1111 2390 1253 2439 nescii,

475 2456 565 2496 Nec
585 2469 727 2496 cursus
748 2454 924 2509 duplicis
945 2470 1017 2509 per
1037 2469 1147 2497 mare
1168 2457 1353 2511 Ulyssei,

497 2572 501 2575 Ι
702 2523 792 2562 Nec
813 2535 962 2562 saevam
984 2522 1149 2577 Pelopis
1170 2523 1351 2575 domum,

476 2591 698 2639 Conamur‚
722 2597 864 2630 tenues
884 2589 1084 2643 grandia3
1110 2590 1207 2631 dum
1229 2593 1376 2646 pudor,

477 2656 743 2711 Imbellisque
762 2656 863 2712 lyrae
885 2657 1012 2698 Musa
1031 2665 1176 2712 potens
1197 2667 1309 2700 vetat

476 2723 643 2767 Laudes
663 2723 816 2778 egregii
840 2723 1014 2765 Caesaris
1035 2732 1075 2765 et
1097 2733 1186 2766 tuas

694 2791 828 2846 Culpa
849 2792 1029 2833 deterere
1050 2792 1202 2847 ingeni.

1687 1275 1742 1316 10

1686 1610 1740 1651 15

1683 2666 1738 2706 10
