1962 3268
1201 297 1223 319 Ἰ

683 309 934 339 CAanNUM
970 310 1057 337 Lln.
1092 310 1165 341 111.
1196 313 1235 338 v).

356 414 478 455 Auro
498 425 694 467 repensus
714 410 870 452 scilicet
885 410 1016 452 acrior

359 480 488 522 Miles
507 478 691 521 redibit?
723 477 882 532 flagitio
902 477 1057 519 additis

414 549 640 590 Damnum.
702 545 870 589 NEQUE
892 544 1064 586 amissos
1086 544 1243 587 colores

472 615 594 657 Lana
613 613 740 655 refert
760 611 966 655 medicata
984 612 1106 661 fuco;

357 683 449 725 Nec
459 697 558 725 vera
573 681 719 732 virtus,
740 695 834 723 cum
856 680 983 723 semel
1003 680 1172 731 excidit,

361 751 494 792 Curat
513 749 656 806 reponi
676 747 966 791 deterioribus.

417 817 462 860 Si
481 825 644 873 pugnat
664 816 865 859 extricata
884 816 1025 859 densis

474 887 611 928 Cerva
629 885 783 941 plagis,
805 885 884 928 erit
903 884 975 927 ille
995 883 1128 933 fortis,

362 953 446 1007 Qui
465 953 635 1011 perfidis
656 969 699 996 se
720 953 898 996 credidit
918 953 1130 1001 hostibus;

362 1025 424 1066 Et
440 1023 582 1065 Marte
603 1023 758 1064 Poenos
778 1030 960 1078 proteret
980 1022 1125 1072 altem,

421 1091 505 1144 Qui
524 1091 613 1133 lora
632 1090 830 1133 restrictis
850 1090 1014 1132 lacertis

481 1159 619 1202 Sensit
638 1159 762 1210 iners,
785 1158 1009 1215 timuitque
1032 1166 1221 1201 mortem.

365 1227 454 1271 Hic
467 1226 581 1269 unde
599 1226 727 1269 vitam
749 1235 928 1269 sumeret
947 1226 1122 1277 inscius,

366 1297 519 1338 Pacem
541 1294 682 1337 duello
703 1294 882 1337 miscuit.
946 1292 990 1335 O
1009 1291 1164 1350 pudor!

423 1365 463 1406 O
483 1377 636 1419 magna
657 1363 870 1419 Carthago
890 1363 1098 1419 probrosis

481 1431 625 1474 Altior
646 1431 785 1474 Italiae
804 1431 962 1474 ruinis!

368 1500 522 1542 Fertur
541 1499 709 1555 pudicae
729 1499 917 1556 conjugis
936 1498 1139 1549 osculum,

370 1570 610 1624 Parvosque
629 1577 763 1619 natos,
784 1576 831 1610 ut
853 1565 1000 1624 capitis
1018 1567 1167 1616 minor,

426 1637 495 1679 Ab
517 1652 561 1680 se
580 1637 820 1689 removisse,
839 1646 882 1679 et
903 1636 1063 1679 virilem

470 1705 638 1747 Torvus
659 1705 780 1747 humi
800 1705 987 1761 posuisse
1007 1704 1170 1746 vultum
1188 1722 1200 1754 ;

371 1773 518 1816 Donec
536 1773 722 1816 labantes
742 1773 913 1816 consilio
932 1781 1070 1828 patres

373 1841 581 1885 Firmaret
601 1850 744 1885 auctor
764 1855 976 1898 nunquam
998 1841 1101 1884 alias
1120 1841 1236 1892 dato,

432 1911 631 1967 Interque
652 1918 873 1954 moerentes
893 1909 1046 1952 amicos

487 1979 697 2036 Egregius
717 1986 956 2036 properaret
976 1977 1108 2020 exsul.

372 2047 686 2104 Atquisciebat
705 2060 800 2104 quae
821 2045 900 2089 sibi
920 2046 1121 2089 barbarus

377 2117 533 2158 Tortor
550 2125 713 2172 pararet
730 2132 739 2157 ε
773 2130 856 2157 non
878 2115 998 2157 aliter
1018 2124 1158 2157 tamen

433 2184 625 2226 Dimovit
645 2185 856 2226 obstantes
875 2182 1147 2237 propinquos,

496 2252 558 2294 Et
577 2250 776 2307 populum
797 2249 956 2291 reditus
974 2258 1218 2301 morantem,

379 2324 514 2374 Quam
535 2320 570 2362 si
591 2319 787 2362 clientum
809 2318 934 2372 longa
952 2316 1120 2372 negotia

378 2389 625 2446 Dijudicata
644 2387 717 2429 lite
737 2386 1002 2441 relinqueret,

438 2458 638 2500 Tendens
658 2454 916 2498 Venafranos
931 2454 976 2495 in
997 2468 1131 2510 agros,

495 2527 589 2568 Aut
612 2522 975 2567 Lacedaemonium
999 2523 1250 2564 Tarentum.

1541 294 1627 335 143

1579 748 1637 788 30

1580 1089 1640 1129 1:35
