1962 3268
672 295 928 325 SERMONUM
967 297 1054 324 L113.
1089 297 1119 324 1.
1139 285 1182 324 3.
1594 285 1622 329 9

286 396 442 441 Omnia
463 411 626 453 magna,
647 397 843 451 loquens:
877 396 1013 447 modo,
1037 396 1101 438 Sit
1122 396 1226 438 mihi
1249 397 1558 453 mensatripes,
1583 405 1625 439 ct

289 465 464 516 Concha
484 464 579 507 salis
599 463 708 520 puri,
728 472 771 505 et
789 472 888 518 toga
908 477 1002 518 quae
1022 463 1243 506 defendere
1262 464 1410 519 frigus,
1556 511 1558 515 ‚

287 532 490 584 Quamvis
510 545 659 587 crassa,
677 539 816 586 queat.
876 530 1028 572 Decies
1049 539 1222 573 centena
1241 532 1425 574 dedisses
1570 533 1626 575 15

287 601 406 643 Huic
426 615 550 656 parco
570 598 712 654 paucis
732 606 940 648 contento,
962 597 1146 654 quinque
1165 597 1312 639 diebus

287 667 364 710 Nil
383 676 471 710 erat
490 667 533 708 in
554 665 723 708 loculis:
757 674 898 707 noctes
919 665 1121 721 vigilabat
1141 666 1195 707 ad
1214 665 1352 722 ipsum

287 736 434 786 Mane,
455 735 564 778 diem
588 742 720 776 totum
742 733 967 782 stertebat3
999 733 1061 774 nil
1081 732 1164 775 fuit
1184 749 1367 791 unquam

286 803 359 846 Sic
378 803 512 860 impar
532 801 623 844 sibi.
684 802 812 844 Nunc
831 800 1113 857 aliquis'dicat
1133 802 1253 853 mihi,
1277 803 1390 854 Quid
1411 805 1490 845 tu?

287 871 472 914 Nullane
490 870 618 913 habes
638 869 772 911 vitia?
796 870 890 911 Imo
910 870 1005 919 alia,
1028 879 1070 912 et
1089 870 1261 913 fortasse
1283 871 1454 914 minora.
1569 872 1627 913 20

287 939 474 982 Maenius
495 939 705 982 absentem
726 937 913 980 Novium
935 952 1029 980 cum
1051 947 1262 994 carperet3
1288 940 1411 981 Heus
1432 948 1494 991 tu,

287 1009 471 1062 Quidam
491 1007 564 1058 ait,
585 1004 751 1062 ignoras
772 1014 813 1048 te
830 1008 847 1047 ?
868 1020 920 1048 an
940 1014 989 1048 ut
1008 1006 1198 1062 ignotum
1219 1007 1316 1050 dare
1336 1007 1455 1050 nobis

289 1076 426 1119 Verba
444 1077 597 1132 putas?
619 1075 802 1130 Egomet
822 1074 879 1115 mi
900 1074 1083 1129 ignosco,
1105 1075 1291 1117 Maenius
1311 1075 1462 1131 inquit.

289 1144 455 1186 Stultus
475 1152 518 1186 et
536 1143 749 1198 improbus
769 1142 839 1184 hic
859 1157 974 1184 amor
993 1151 1071 1194 est,
1093 1143 1329 1199 dignusque
1349 1143 1496 1186 notari.

287 1213 397 1255 Cum
419 1220 494 1254 tua
513 1210 729 1266 pervideas
749 1210 880 1252 oculis
901 1210 1009 1252 male
1029 1210 1172 1266 lippus
1192 1210 1390 1262 inunctis,
1568 1214 1625 1255 25

289 1280 379 1322 Cur
396 1279 442 1321 in
461 1279 686 1321 amicorum
706 1277 822 1319 vitiis
844 1285 928 1320 tam
950 1278 1082 1320 cernis
1102 1287 1286 1331 acutum,

289 1350 430 1401 Quam
450 1355 524 1391 aut
544 1346 697 1403 aquila,
718 1353 792 1388 aut
812 1360 979 1402 serpens
1001 1346 1259 1402 Epidaurius
1276 1350 1285 1389 Ξ
1310 1349 1374 1390 At
1390 1348 1465 1390 tibi
1487 1357 1629 1391 contra

291 1416 464 1467 Evenit,
485 1415 698 1472 inquirant
717 1414 820 1457 vitia
840 1423 888 1456 ut
909 1423 981 1457 tua
1001 1430 1141 1457 rursus
1162 1424 1204 1457 et
1223 1415 1296 1457 illi.

293 1483 539 1528 Iracundior
557 1491 620 1525 est
639 1482 796 1538 paulo?
819 1483 958 1525 minus
978 1492 1100 1539 aptus
1119 1484 1251 1526 acutis

291 1553 474 1596 Naribus
493 1551 643 1594 horum
664 1550 879 1593 hominum
897 1554 915 1593 ?
936 1551 1061 1595 rideri
1081 1552 1224 1607 possit,
1248 1568 1295 1595 eo
1316 1553 1426 1609 quod
1571 1554 1630 1594 30

292 1620 510 1664 Rusticius
530 1628 651 1662 tonso
671 1627 769 1675 toga
788 1619 950 1672 defluit,
972 1628 1014 1662 et
1033 1621 1141 1662 male
1160 1621 1283 1663 laxus

292 1692 347 1733 In
366 1690 472 1747 pede
491 1689 652 1732 calceus
671 1687 836 1730 hoeret?
857 1688 916 1729 At
936 1696 998 1730 est
1017 1688 1235 1739 bonus‚-ut
1259 1688 1403 1730 melior
1423 1688 1487 1729 vir

290 1758 390 1800 Non
409 1757 515 1800 alius
535 1756 778 1812 quisquam:
803 1764 845 1798 at
866 1755 942 1798 tibi
963 1755 1143 1798 amicus:
1168 1765 1211 1798 at
1231 1756 1444 1811 ingenium
1468 1757 1614 1812 ingens

291 1825 460 1868 Inculto
480 1825 582 1867 latet
602 1823 682 1866 hoc
702 1824 779 1865 sub
799 1838 979 1879 corpore.
1047 1823 1241 1880 Denique
1261 1824 1439 1879 teipsum

290 1895 496 1943 Concute,
518 1907 703 1949 numqua
725 1892 800 1934 tibi
820 1892 1017 1934 vitiorum
1037 1892 1233 1934 inseverit
1253 1893 1350 1934 olim
1572 1895 1630 1936 35

290 1963 469 2013 Natura,
491 1970 563 2003 aut
582 1960 708 2003 etiam
723 1960 977 2002 consuetudo
993 1959 1125 2009 mala;
1148 1975 1326 2016 namque

291 2030 505 2086 Neglectis
524 2029 682 2071 urenda
703 2027 791 2070 filix
810 2027 1040 2070 innascitur
1060 2028 1180 2083 agris.

293 2098 405 2142 Illuc
424 2105 746 2153 praevertamur;
773 2101 998 2138 amatorem
1021 2096 1132 2151 quod
1151 2095 1297 2137 arnicae

293 2165 460 2221 Turpia
481 2164 696 2218 decipiunt
717 2178 872 2205 caecum
894 2163 1011 2215 vitia,
1032 2171 1104 2204 aut
1124 2163 1247 2205 etiam
1269 2164 1358 2219 ipsa
1378 2164 1470 2206 haec

293 2233 542 2279 Delectant3
566 2230 696 2272 veluti
719 2229 942 2272 Balbinum
963 2230 1142 2285 polypus
1163 2231 1354 2286 Hagnae:
1576 2233 1632 2272 40

296 2300 454 2342 Vellem
474 2299 519 2341 in
540 2297 723 2340 amicitia
743 2298 802 2340 sic
822 2312 1076 2346 erraremus;
1101 2307 1142 2340 et
1163 2298 1233 2340 isti

295 2367 440 2410 Errori
459 2381 609 2410 nomen
630 2365 762 2408 virtus
782 2366 988 2422 posuisset
1007 2365 1242 2408 honestum.

296 2436 374 2486 At,
395 2443 511 2491 patet
531 2443 579 2477 ut
598 2434 734 2490 gnati,
755 2434 814 2477 sic
834 2448 910 2475 nos
930 2435 1127 2476 debemus
1148 2435 1284 2486 amici,

298 2503 455 2561 Siquod
476 2504 530 2546 sit
550 2504 714 2554 vitium,
736 2517 819 2544 non
839 2502 1050 2545 fastidire:
1076 2491 1308 2547 strabonem
1543 2559 1547 2563 .
1591 2545 1596 2550 .

295 2572 492 2629 Appellat
513 2573 678 2614 Paetum
700 2580 842 2627 pater;
867 2582 908 2613 et
929 2572 1118 2624 Pullum,
1141 2574 1248 2616 male
1268 2589 1420 2630 parvus
1576 2578 1631 2618 45

299 2641 344 2683 Si
365 2640 432 2682 cui
451 2640 562 2682 filius
582 2648 658 2692 est,
680 2648 727 2682 ut
748 2639 959 2682 abortivus
979 2639 1061 2682 fuit
1081 2639 1179 2682 olim

300 2707 527 2763 Sisyphus:
548 2707 673 2759 hunc,
696 2709 867 2758 Varum,
889 2708 1073 2750 distortis
1094 2710 1306 2760 cruribus;
1332 2712 1447 2755 illum

302 2776 490 2820 Balbutit
513 2779 729 2829 Scaurum,
751 2777 890 2832 parvis
911 2778 1063 2820 fultum
1087 2779 1192 2821 male
1215 2780 1319 2822 talis.
