1962 3268
725 324 976 352 camimum
1011 323 1101 350 Lm.
1134 323 1165 350 1.
1196 307 1238 362 7.

365 426 470 479 Quis
491 426 675 468 Martem
697 424 840 466 tunica
860 431 1014 466 tectum
1035 423 1301 465 adamantina

364 494 506 550 Digne
527 492 768 548 scripserit?
799 499 872 533 aut
891 491 1064 546 pulvere
1086 491 1241 532 Troico

364 562 542 619 Nigrum
566 560 821 603 Merionen?
849 567 923 601 aut
943 573 1021 614 ope
1043 558 1231 612 Palladis

537 628 736 684 Tydiden
759 627 918 683 superis
938 641 1077 682 parem
1094 629 1112 668 ?

363 698 454 740 Nos
473 696 680 747 convivia,
701 711 777 738 nos
797 695 944 752 praelia
966 695 1191 751 virginum,

364 764 530 807 Strictis
550 764 595 806 in
616 765 795 821 juvenes
815 764 1031 819 unguibus
1051 763 1223 814 acrium,

364 830 608 884 effluamus,
629 832 767 884 vacui,
790 832 877 874 sive
898 832 999 889 quid
1019 832 1193 883 urimur,

536 902 635 943 Non
655 909 808 957 praeter
828 900 996 943 solitum
1018 901 1144 943 leves.

736 1068 840 1109 VII.
904 1066 1126 1119 (METRUM
1152 1072 1246 1124 111.)

674 1171 737 1198 An
769 1171 1026 1200 MUNATmM
1053 1172 1286 1201 PLANCUM.

307 1247 601 1288 LAUDABUNT
624 1245 697 1287 alii
718 1246 870 1288 claram
892 1246 1093 1296 Rhodon,
1115 1256 1188 1289 aut
1208 1248 1462 1303 Mytilenen,

368 1315 461 1356 Aut
482 1313 716 1370 Ephesum,
739 1313 961 1356 bimarisve
983 1314 1180 1356 Corinthi

309 1382 490 1432 Moenia,
511 1382 579 1423 vel
600 1381 769 1424 Baccho
792 1381 965 1424 Thebas
986 1382 1054 1424 vel
1075 1383 1278 1439 Apolline
1300 1384 1492 1440 Delphos

368 1451 576 1507 Insignes,
598 1458 671 1492 aut
694 1450 900 1493 Thessala
921 1452 1099 1506 Tempe.

298 1510 418 1564 'Sunt
438 1519 590 1576 quibus
610 1533 740 1560 unum
762 1534 866 1575 opus
887 1527 964 1570 est,
985 1518 1155 1562 intactae
1175 1520 1361 1563 Palladis
1382 1522 1523 1565 urbem

368 1587 564 1632 Carmine
585 1596 788 1644 perpetuo
808 1587 1029 1638 celebrare,
1052 1597 1094 1630 et

309 1656 512 1713 Undique
531 1656 769 1711 decerptam
789 1656 917 1698 fronti
937 1671 1178 1713 praeponere
1198 1658 1377 1701 olivam:

369 1723 583 1768 Plurimus
602 1723 647 1766 in
668 1725 699 1766 J
702 1725 852 1767 unonis
871 1724 1071 1768 honorem

310 1795 469 1851 Aptum
490 1793 593 1835 dicit
613 1793 730 1850 equis
751 1795 907 1849 Argos,
931 1794 1122 1851 ditesque
1143 1795 1362 1852 Mycenas.

370 1863 448 1904 Me
467 1875 601 1918 neque
621 1870 707 1904 tam
728 1862 890 1917 patiens
912 1862 1208 1915 Lacedaemon,

311 1932 404 1974 Nec
424 1939 509 1973 tam
531 1930 714 1972 Larissae
734 1931 938 1986 percussit
959 1946 1130 1988 campus
1151 1931 1318 1987 opimae,

369 2000 504 2052 Quam
527 1999 675 2041 domus
698 1998 907 2041 Albuneae
926 2000 1171 2051 resonantis,

311 2068 373 2110 Et
392 2082 576 2123 praeceps
596 2067 722 2118 Anio,
745 2075 787 2109 et
809 2067 993 2110 Tiburni
1013 2068 1148 2120 lucus,
1170 2077 1211 2110 et
1232 2069 1316 2111 uda

371 2135 603 2178 Mobilibus
623 2135 808 2191 pomaria
826 2135 941 2178 rivis.

314 2205 454 2247 Albus
473 2212 521 2245 ut
540 2204 713 2245 obscuro
734 2204 922 2259 deterget
943 2204 1086 2246 nubila
1106 2205 1212 2246 coelo

372 2272 495 2327 Saepe
515 2272 670 2322 Notus,
691 2286 826 2327 neque
845 2272 1023 2327 parturit
1044 2272 1197 2313 imbres

315 2342 574 2397 Perpetuos;
609 2339 668 2381 sic
688 2348 735 2381 tu
756 2339 918 2395 sapiens
939 2340 1058 2382 finire
1078 2349 1286 2383 memento

373 2408 609 2451 Tristitiam
631 2408 813 2465 vitaeque
834 2409 993 2452 labores

316 2477 458 2529 Molli,
481 2477 652 2528 Plance,
674 2491 812 2525 mer03
847 2492 918 2519 seu
939 2486 980 2520 te
1000 2477 1206 2534 fulgentia
1227 2478 1356 2534 signis

372 2545 522 2588 Castra
542 2553 699 2596 tenent,
721 2559 795 2586 seu
815 2545 942 2588 densa
963 2546 1120 2588 tenebit

316 2613 490 2656 Tiburis
510 2613 658 2655 umbra
678 2613 754 2654 tui.
816 2614 982 2656 Teucer
1007 2614 1218 2657 Salamina
1238 2624 1480 2673 patremque

374 2683 484 2724 Cum
503 2682 682 2738 fugeret,
704 2690 843 2724 tamen
864 2683 948 2725 uda
970 2683 1103 2739 Lyaeo

318 2752 529 2807 Tempora
547 2750 726 2807 populea
745 2750 877 2793 fertur
899 2752 1080 2795 vinxisse
1101 2766 1268 2804 corona,

378 2819 448 2862 Sic
469 2819 605 2862 tristes
626 2818 775 2862 affatus
797 2820 974 2869 amicos;

1587 306 1641 351 91

1594 557 1646 598 15

1593 901 1650 941 20

1623 1526 1650 1565 5

1597 1867 1652 1908 10

1598 2209 1653 2250 15

1597 2551 1655 2591 20
