1962 3268
683 324 939 353 sEnMONUM
973 323 1061 350 mn.
1086 323 1116 349 1.
1138 311 1178 350 2.
1585 309 1613 348 5

250 477 253 481 Δ
278 426 525 468 Praeclaram
549 424 711 480 ingrata
731 416 907 478 stringat
926 422 1060 464 malus
1079 421 1266 476 ingluvie
1285 435 1387 473 rem,

276 484 431 536 Omnia
451 492 664 535 conductis
683 497 876 533 coemens
896 490 1068 532 obsonia
1086 489 1266 531 nummis
1282 506 1294 538 ;

277 560 476 604 Sordidus
496 569 619 616 atque
639 558 766 602 animi
785 558 897 614 quod
915 557 1035 614 parvi
1054 557 1159 598 nolit
1177 556 1336 607 haberi,
1554 558 1611 598 10

275 629 542 684 Respondet:
577 627 796 670 Laudatur
815 627 867 668 ab
886 625 968 677 his,
991 625 1184 681 culpatur
1203 625 1255 666 ab
1274 624 1372 666 illis.

274 695 463 738 Fufidius
483 710 630 752 vappae
649 694 800 737 famam
822 693 940 736 timet
960 709 1008 749 ap
1027 692 1259 742 nebulonis,

272 763 406 807 Dives
425 755 550 820 agris,
571 764 688 807 dives
707 762 853 819 positis
873 762 917 803 in
935 762 1093 804 foenore
1113 759 1307 803 nummis.

273 831 433 881 Quinas
453 833 522 875 hic
542 833 668 889 capiti
688 831 897 874 mercedes
916 838 1103 879 exsecat3
1137 837 1262 885 atque

272 901 441 948 Quanto
460 901 661 958 perditior
679 900 853 957 quisque
873 907 950 951 est,
972 907 1088 941 tanto
1108 897 1243 940 acrius
1263 903 1438 952 urguet3
1551 896 1606 937 15

273 969 456 1011 Nomina
476 978 669 1019 sectatur,
690 969 813 1010 modo
834 976 970 1010 sumta
989 975 1103 1009 veste
1123 965 1250 1017 virili,

274 1035 363 1078 Sub
382 1036 569 1092 patribus
588 1036 719 1087 duris,
741 1036 934 1078 tironum.
995 1035 1200 1085 Maxime,
1222 1033 1313 1090 quis
1333 1047 1432 1084 non,

271 1104 457 1160 Jupiter,
478 1104 700 1156 exclamat,
722 1104 969 1160 simulatque
990 1102 1150 1146 audivit
1168 1102 1182 1144 ?
1245 1102 1283 1149 Ἥ
1299 1102 1356 1143 At
1376 1101 1420 1142 in
1441 1116 1484 1143 se

273 1173 358 1214 Pro
379 1181 542 1229 quaestu
561 1181 743 1214 sumtum
763 1172 864 1214 facit
884 1172 965 1214 hic.
1030 1172 1066 1219 Ἣ
1087 1166 1173 1213 Vix
1194 1170 1360 1212 credere
1380 1168 1512 1225 possis

271 1240 409 1287 Quam
430 1240 612 1282 sibi'non
634 1241 687 1282 sit
707 1240 886 1282 amicus:
920 1241 979 1282 ita
1000 1248 1047 1281 ut
1067 1247 1185 1295 pater
1204 1238 1290 1290 ille,
1315 1237 1492 1280 Terenti
1551 1238 1608 1278 20

271 1310 432 1352 Fabula
449 1324 572 1366 quem
593 1309 786 1351 miserum
807 1317 905 1350 nato
926 1308 1078 1350 vixisse
1097 1307 1242 1362 fugato

272 1378 456 1430 Inducit,
477 1392 561 1420 non
582 1392 625 1420 se
643 1377 763 1433 pejus
784 1376 1028 1419 cruciaverit
1049 1384 1172 1432 atque
1191 1374 1274 1416 hic.

272 1446 320 1488 Si
339 1446 432 1503 quis
452 1460 563 1488 nunc
582 1455 754 1501 quaerat,
777 1447 873 1493 Quo
893 1460 957 1487 res
977 1444 1069 1486 haec
1088 1442 1297 1500 pertinet?
1330 1443 1440 1485 Illuc
1457 1459 1468 1492 ;

273 1514 389 1563 Dum
410 1508 546 1556 vitant
566 1508 684 1556 stulti
705 1513 822 1564 vitia,
843 1513 886 1555 in
914 1512 1118 1555 contraria
1139 1520 1324 1554 currunt.

273 1582 511 1625 Malthinus
532 1582 683 1624 tunicis
706 1581 894 1623 demissis
915 1581 1098 1623 ambulat
1115 1597 1127 1629 ς
1160 1588 1223 1621 est
1243 1580 1315 1635 qui
1553 1580 1610 1620 25

274 1650 440 1706 Inguen
460 1651 515 1693 ad
533 1652 770 1693 obscoenum
792 1649 1006 1692 subductis
1025 1663 1155 1704 usque
1174 1648 1358 1690 facetus:

274 1717 471 1760 Pastillos
492 1719 677 1761 Rufillus
697 1718 794 1769 olet,
817 1717 1056 1774 Gorgonius
1076 1716 1237 1758 hircum
1256 1732 1265 1757 ε

274 1784 350 1826 Nil
370 1785 550 1827 medium
569 1794 643 1828 est.
661 1793 668 1798 ‘
705 1787 814 1828 Sunt
834 1785 905 1842 qui
925 1786 1059 1827 nolint
1081 1784 1282 1839 tetigisse,
1304 1784 1384 1825 nisi
1405 1784 1496 1826 illas

272 1852 461 1900 Quarum
484 1854 654 1896 subsuta
675 1855 779 1896 talos
801 1862 915 1909 tegat
935 1853 1078 1895 instita
1099 1861 1231 1894 veste:

273 1921 432 1964 Contra
451 1921 558 1963 alius
578 1922 754 1974 nullam,
775 1923 855 1964 nisi
874 1922 1012 1964 olente
1032 1921 1074 1962 in
1095 1921 1250 1963 fornice
1272 1929 1462 1963 stantem.
1551 1922 1609 1962 30

272 1988 456 2036 Quidam
476 1998 599 2031 notus
619 1990 743 2032 homo
765 2005 857 2033 cum
879 1990 1008 2032 exiret
1027 1989 1200 2040 fornice,
1222 1990 1367 2032 Macte

274 2057 439 2100 Virtute
460 2068 562 2110 esto,
583 2059 720 2115 inquit
741 2059 944 2101 sententia
963 2058 1033 2100 dia
1053 2056 1226 2099 Catonis
1244 2074 1253 2098 :

274 2124 385 2166 Nam
407 2125 581 2167 simulac
602 2141 727 2168 venas
748 2125 911 2168 inflavit
931 2134 1036 2168 tetra
1055 2125 1201 2176 libido,

274 2192 376 2234 Huc
388 2193 565 2248 juvenes
585 2209 748 2249 aequum
770 2203 832 2235 est
852 2194 1115 2244 descendere,
1135 2208 1217 2234 non
1238 2193 1393 2235 alienas

275 2260 511 2302 Permolere
531 2276 691 2319 uxores.
753 2262 895 2304 Nolim
915 2260 1138 2312 laudarier,
1159 2261 1311 2317 inquit,
1552 2263 1610 2303 35

276 2329 347 2372 Sic
367 2344 447 2381 me,
468 2330 636 2372 mirator
657 2332 782 2373 cunni
803 2331 1065 2387 Cupiennius
1086 2331 1183 2373 albi.

274 2398 432 2440 A‘udire
452 2409 514 2441 est
534 2414 670 2455 operae
689 2399 884 2455 pretium,
906 2398 1125 2455 procedere
1145 2405 1256 2439 recte

273 2466 359 2513 Qui
379 2466 552 2509 moechis
572 2482 656 2509 non
677 2467 820 2519 vultis,
843 2476 890 2509 ut
911 2466 1023 2508 omni
1043 2475 1161 2521 parte
1180 2466 1396 2513 laborent;

275 2535 418 2591 thue
439 2534 521 2576 illis
542 2535 673 2578 multo
694 2545 887 2592 corrupta
907 2535 1050 2576 dolore
1070 2534 1276 2590 voluptaS‚

274 2603 413 2659 Atque
432 2602 523 2645 haec
542 2617 647 2655 rara,
668 2604 789 2646 cadat
809 2604 912 2646 dura
933 2603 1040 2645 inter
1060 2617 1169 2658 saepe
1188 2602 1355 2658 pericla.
1560 2602 1617 2643 40

276 2669 363 2712 Hic
384 2685 427 2712 se
445 2672 699 2728 praecipitem
721 2681 830 2715 tecto
850 2671 967 2714 dedit
985 2687 993 2713 :
1027 2671 1098 2713 ille
1117 2670 1292 2726 flagellis

275 2738 344 2779 Ad
365 2748 535 2782 mortem
557 2755 712 2782 caesus:
736 2741 901 2796 fugiens
921 2740 992 2782 hic
1011 2738 1167 2781 decidit
1188 2752 1320 2780 acrem

278 2806 528 2849 Praedonum
551 2807 593 2849 in
617 2809 777 2851 turbam
797 2825 806 2849 ;
830 2807 946 2850 dedit
966 2807 1035 2849 hic
1055 2822 1129 2862 pro
1151 2818 1330 2864 corpore,
1340 2818 1552 2848 nummos:
