1962 3268
389 320 474 361 220
820 338 859 367 Q.
891 337 1090 367 rroRA'rn
1122 340 1285 370 FLAcc1

449 435 516 477 Te
536 435 688 491 copias,
710 444 752 480 te
772 439 988 482 consilium
1008 449 1050 484 et
1071 450 1163 485 tuos

446 503 665 546 Praebente
686 505 843 548 Divos:
875 522 970 550 nam
991 508 1082 561 tibi,
1103 525 1185 567 quo
1204 511 1271 554 die

500 571 652 613 Portus
672 572 937 617 Alexandrea
956 577 1131 632 supplex

556 640 617 681 Et
636 654 805 683 vacuam
825 643 1019 698 patefecit
1038 645 1189 698 aulam,

442 703 625 748 Fortuna
644 707 774 750 lustro
793 723 986 766 prospera
1006 713 1126 755 tertio

440 773 550 815 Belli
570 775 770 817 secundos
789 777 971 820 reddidit
990 779 1139 832 exitus,

497 840 769 897 Laudemque
789 851 831 885 et
849 852 1036 899 optatum
1055 848 1230 901 peractis

554 908 746 963 Imperiis
767 909 892 952 decus
913 912 1131 966 arrogavit.

441 974 507 1014 Te
524 975 731 1017 Cantaber
750 990 834 1017 non
853 984 948 1019 ante
967 978 1200 1033 domabilis,

436 1040 673 1096 Medusque
692 1050 733 1084 et
756 1043 903 1095 Indus,
925 1053 966 1087 te
984 1046 1185 1103 profugus
1207 1049 1381 1106 Scythes

494 1108 690 1160 Miratur,
713 1111 752 1152 Ο
772 1111 902 1154 tutela
920 1127 1100 1168 praesens

549 1177 686 1219 Italiae
706 1177 965 1236 dominaeque
985 1182 1158 1225 Romae!

437 1243 518 1294 Te,
538 1243 715 1287 fontium
735 1246 808 1301 qui
830 1247 935 1290 celat
956 1248 1136 1305 origines

431 1311 650 1366 Nilusque,
671 1321 714 1355 et
734 1314 858 1365 Ister,
880 1322 922 1357 te
939 1317 1108 1372 rapidus
1130 1318 1289 1374 Tigris,

490 1379 557 1420 Te
576 1379 768 1422 beluosus
788 1380 859 1436 qui
878 1383 1046 1425 remotis

543 1446 757 1502 Obstrepit
777 1449 967 1491 Oceanus
988 1451 1215 1504 Britannis,

431 1513 498 1554 Te
517 1526 600 1554 non
621 1515 810 1569 paventis
828 1515 975 1559 funera
996 1518 1166 1572 Galliae,

428 1580 639 1635 Duraeque
659 1581 780 1623 tellus
801 1582 917 1625 audit
938 1584 1088 1627 Iberiae
1101 1619 1111 1627 .

489 1649 556 1689 Te
576 1649 688 1690 caede
707 1650 935 1704 gaudentes
958 1651 1158 1695 Sicambri

543 1717 792 1771 Compositis
807 1726 1054 1761 venerantur
1074 1720 1209 1762 armis.

769 1971 895 2012 ODE
929 1973 1030 2014 XV.
1081 1975 1148 2027 (M.
1172 1945 1283 2025 xlii.)

812 2089 1010 2118 AUGUS'H
1040 2091 1233 2119 LAUDES.

420 2174 613 2214 Pfloenus
634 2171 839 2214 volentem
860 2174 1009 2229 proelia
1027 2189 1093 2217 me
1112 2176 1226 2231 loqui

420 2240 560 2282 Victas
576 2247 618 2280 et
636 2240 757 2281 urbes
777 2239 981 2296 increpuit
1001 2242 1105 2297 lyra,

477 2306 544 2349 Ne
558 2321 686 2362 parva
707 2307 973 2362 Tyrrhenum
994 2323 1067 2364 per
1086 2324 1225 2365 aequor

536 2374 636 2416 Vela
656 2374 805 2416 darem.
869 2377 983 2427 Tua,
1006 2377 1161 2429 Caesar,
1181 2386 1282 2421 aetas

352 2475 354 2480 .
418 2442 578 2496 Fruges
598 2450 640 2483 et
659 2442 768 2497 agris
788 2442 947 2484 rettulit
967 2444 1126 2496 uberes,

415 2510 476 2551 Et
495 2509 613 2564 signa
632 2517 771 2550 nostro
791 2509 971 2552 restituit
992 2511 1022 2552 J
1026 2511 1108 2561 ovi,

470 2571 657 2631 Derepta
678 2575 926 2618 Parthorum
948 2578 1132 2632 superbis

526 2643 734 2694 Postibus,
757 2651 798 2685 et
819 2657 991 2686 vacuum
1013 2644 1161 2686 duellis

413 2713 442 2753 J
447 2724 569 2753 anum
593 2710 756 2763 Quirini
777 2709 937 2758 clausit,
959 2718 1000 2752 et
1021 2711 1204 2755 ordinem

412 2780 590 2821 Rectum
611 2777 802 2833 evaganti
821 2777 950 2820 fraena
970 2778 1147 2822 licentiae

1620 2786 1674 2827 10
