1962 3268
388 285 472 326 160
770 317 772 319 v
811 299 849 327 Q.
884 298 1078 324 HonATu
1113 297 1275 325 F1,Ae‹:1

444 400 538 441 Illic
559 408 689 441 matre
709 399 942 441 carentibus

499 465 709 521 Privignis
728 466 876 508 mulier
896 475 1094 521 temperat
1115 467 1331 508 innocens:

407 548 428 561 ·
443 533 531 575 Nec
551 533 691 575 dotata
711 534 816 589 regit
836 533 967 575 virum

498 601 682 657 Conjux,
703 616 778 643 nec
798 601 930 642 nitido
950 601 1040 642 fidit
1061 601 1259 642 adultero.

439 667 529 708 Dos
546 676 607 708 est
627 682 774 723 magna
794 668 1022 723 parentium

498 733 657 785 Virtus,
679 743 721 775 et
739 744 925 776 metuens
947 734 1114 775 alterius
1135 734 1212 776 viri

440 803 564 843 Certo
583 801 737 843 foedere
758 801 937 850 castitas,

498 862 557 909 Et
577 881 746 922 peccare
765 868 894 918 nefas,
915 876 986 908 aut
1006 868 1180 922 pretium
1203 868 1342 909 emori.

437 937 474 975 Ο
496 934 682 990 quisquis
702 935 811 976 volet
831 935 977 989 impias

493 1003 643 1044 Caedes
663 1011 703 1044 et
723 1003 877 1044 rabiem
899 1002 1041 1044 tollere
1062 1002 1232 1043 civicam
1251 1016 1264 1050 3

437 1070 480 1111 Si
501 1080 657 1126 quaeret
679 1071 803 1111 Pater
822 1069 984 1110 urbium

491 1137 699 1179 Subscribi
721 1137 883 1187 statuis,
903 1136 1142 1178 indomitam
1165 1136 1314 1177 audeat

434 1203 672 1246 Refraenare
693 1203 915 1253 licentiam,

490 1271 638 1313 Clarus
658 1270 926 1325 postgenitis:
961 1279 1162 1325 quatenus
1185 1270 1284 1323 (heu
1302 1270 1414 1311 nefas
1432 1272 1465 1322 !)

433 1337 638 1379 Virtutem
659 1337 903 1378 incolumem
927 1337 1101 1386 odimus,

496 1404 708 1446 Sublatam
731 1420 780 1445 ex
802 1404 929 1445 oculis
949 1404 1168 1459 quaerimus
1189 1403 1333 1444 invidi.

434 1472 545 1523 Quid
566 1471 700 1513 tristes
722 1471 999 1526 querimoniae,

491 1539 534 1580 Si
556 1553 638 1580 non
660 1539 861 1613 supplicio
883 1538 1002 1592 culpa
1023 1536 1246 1579 reciditur?

432 1605 544 1656 Quid
564 1606 676 1661 leges
697 1606 783 1647 sine
806 1606 982 1647 moribus

493 1674 620 1714 Vanae
640 1673 887 1728 proficiunt?
920 1673 952 1714 si
974 1686 1104 1727 neque
1125 1670 1293 1712 fervidis

371 1776 376 1780 .
430 1741 532 1781 Pars
553 1740 710 1782 inclusa
731 1740 932 1782 caloribus

490 1808 659 1857 Mundi,
682 1822 756 1849 nec
780 1806 923 1850 Boreae
945 1807 1163 1849 finitimum
1185 1805 1308 1855 latus,

432 1872 686 1927 Durataeque
707 1873 790 1912 solo
811 1873 924 1913 nives

490 1940 761 1980 Mercatorem
784 1940 980 1993 abigunt;
1014 1940 1177 1980 horrida
1198 1938 1336 1980 callidi

433 2005 615 2047 Vincunt
636 2021 799 2061 aequora
817 2006 967 2047 navitae
984 2023 994 2053 ς

491 2075 694 2128 Magnum
717 2073 930 2128 pauperies
951 2073 1213 2128 opprobrium
1228 2072 1349 2127 jubet

431 2140 605 2191 Quidvis
626 2150 666 2181 et
686 2140 817 2182 facere
838 2149 878 2182 et
898 2141 997 2195 pati,

490 2208 741 2262 Virtutisque
762 2208 868 2259 viam
892 2208 1040 2249 deserit
1062 2208 1211 2248 arduae.

428 2275 507 2316 Vel
527 2290 600 2315 nos
620 2275 661 2315 in
686 2275 951 2330 Capitolium,

486 2344 579 2392 Quo
599 2342 750 2393 clamor
771 2352 888 2384 vocat
907 2351 948 2384 et
968 2343 1086 2384 turba
1105 2342 1346 2393 faventium,

427 2411 507 2452 Vel
525 2425 599 2451 nos
618 2410 659 2450 in
682 2425 790 2451 mare
809 2410 1036 2464 proximum

486 2476 682 2518 Gemmas
702 2486 742 2518 et
763 2477 934 2531 lapides,
956 2491 1098 2519 aurum
1119 2486 1160 2518 et
1179 2476 1340 2527 inutile,

432 2544 590 2585 Summi
611 2544 817 2585 materiem
839 2545 950 2594 mali,

487 2610 723 2662 Mittamus,
746 2611 941 2653 scelerum
963 2612 996 2652 si
1017 2612 1119 2653 bene
1139 2611 1328 2665 poenitet.

430 2677 648 2720 Eradenda
668 2677 871 2733 cupidinis

487 2741 612 2786 vai
634 2754 728 2786 sunt
749 2745 974 2796 elementa3
1005 2754 1044 2786 et
1066 2754 1215 2786 tenerae
1237 2744 1357 2785 nimis

1641 938 1697 978 25

1637 1271 1695 1311 30
