1962 3268
336 326 421 367 228
774 335 816 368 Q.
847 336 1041 364 noum-11
1074 334 1129 364 ,rr
1134 334 1238 364 Acer

338 436 460 479 Dixit
478 436 615 478 adhuc
634 435 825 492 aliquid?
856 436 894 483 ST
919 435 994 478 Nil
1014 449 1124 477 sane.
1156 434 1193 481 ἽῘ
1213 431 1326 484 Quid
1346 431 1479 488 placet
1498 445 1616 486 ergo
1606 433 1626 462 ²

339 505 377 552 ἹῙ
401 505 521 546 Lana
540 503 765 546 Tarentino
787 502 915 544 violas
936 502 1096 544 imitata
1115 515 1286 543 veneno.

336 573 398 613 Ac
418 586 471 614 ne
489 571 594 613 forte
611 578 732 627 putes
747 585 827 622 me,
843 584 936 626 quae
955 569 1118 612 facere
1106 583 1196 624 lpse
1213 581 1413 618 recusem,

339 642 447 683 Cum
467 648 576 682 recte
597 646 772 681 tractent
792 638 876 689 alii,
897 637 1066 680 laudare
1084 637 1291 693 maligne3

339 708 420 749 Ille
435 722 508 763 per
527 714 738 749 extentum
760 705 900 747 funem
921 705 1025 746 mihi
1044 719 1162 760 posse
1177 703 1342 745 videtur
1571 701 1657 743 210

338 776 409 817 Ire
427 781 565 830 poeta,
587 788 722 816 meum
744 773 815 828 qui
829 780 973 827 pectus
994 772 1170 814 inaniter
1190 770 1319 825 angit,

339 842 498 891 Irritat,
517 842 686 892 mulcet,
706 840 821 882 falsis
841 838 1063 881 terroribus
1082 838 1227 893 implet

337 911 403 952 Ut
422 924 592 964 magus;
625 916 667 950 et
687 907 808 948 modo
828 920 894 946 me
915 905 1092 955 Thebis,
1113 904 1234 947 modo
1254 903 1373 958 ponit
1391 902 1586 944 Athenis,

262 1019 270 1028 ι
337 978 492 1019 Verum
512 990 602 1031 age,
624 983 666 1016 et
683 974 764 1024 his,
784 973 855 1028 qui
875 987 919 1014 se
937 971 1081 1014 lectori
1101 971 1265 1013 credere
1280 970 1456 1020 malunt,

338 1045 473 1095 Quam
493 1040 732 1098 spectatoris
751 1039 918 1082 fastidia
936 1038 1041 1081 ferre
1060 1038 1239 1094 superbi,
1411 1048 1414 1051 '
1572 1037 1656 1078 215

339 1112 493 1154 Curam
512 1111 639 1153 redde
657 1110 849 1156 brevem;
882 1107 917 1150 si
936 1121 1088 1149 munus
1108 1105 1302 1161 Apolline
1322 1104 1494 1159 dignum

338 1180 413 1221 Vis
434 1179 637 1234 complere
656 1176 787 1228 libris,
809 1184 850 1218 et
869 1175 1033 1233 vatibus
1054 1174 1205 1217 addere
1224 1173 1371 1223 calcar,

338 1248 403 1289 Ut
424 1246 561 1290 studio
580 1245 734 1300 majore
754 1252 898 1300 petant
919 1243 1126 1285 Helicona
1144 1241 1356 1283 virentem.

338 1315 482 1357 Multa
500 1313 667 1370 quidem
687 1311 805 1354 nobis
823 1311 997 1353 facimus
1015 1310 1123 1352 mala
1141 1323 1251 1364 saepe
1269 1309 1427 1356 Poetae,

341 1382 426 1433 (Ut
445 1382 584 1423 vineta
604 1387 766 1436 egomet
786 1379 942 1421 caedam
963 1380 1090 1431 mea,)
1115 1391 1209 1419 cum
1231 1376 1308 1418 tibi
1327 1375 1477 1417 librum
1573 1377 1659 1418 220

339 1450 511 1493 Solicito
531 1450 690 1499 damus,
712 1456 783 1490 aut
802 1447 938 1494 fess0;
971 1460 1065 1488 cum
1084 1444 1289 1493 laedimur,
1310 1458 1439 1485 unum

342 1518 478 1574 Siquis
499 1516 721 1559 amicorum
743 1522 804 1556 est
825 1527 948 1555 ausus
967 1512 1212 1568 reprendere
1231 1524 1416 1558 versum3

339 1588 447 1629 Cum
467 1586 558 1627 loca
572 1584 660 1640 jam
682 1581 852 1624 recitata
870 1580 1119 1623 revolvimus
1139 1578 1388 1630 inrevocati3

340 1655 449 1696 Cum
468 1653 753 1701 lamentamur,
773 1663 856 1691 non
877 1663 1071 1704 apparere
1089 1647 1249 1689 labores

340 1722 530 1770 Nostros,
551 1727 592 1763 et
612 1717 726 1760 tenui
746 1716 924 1758 deducta
941 1722 1132 1771 poemata
1151 1714 1221 1756 filo
1237 1730 1249 1761 ;
1572 1712 1658 1753 225

340 1791 447 1831 Cum
469 1801 677 1843 speramus
697 1800 745 1827 eo
759 1799 844 1826 rem
864 1793 1094 1834 venturam,
1114 1791 1162 1824 ut
1182 1781 1304 1823 simul
1322 1787 1446 1836 atque

342 1856 536 1898 Carmina
556 1853 739 1895 rescieris
758 1867 832 1893 nos
851 1851 1020 1907 fingere,
1042 1850 1280 1892 commodus
1299 1849 1408 1890 ultro

341 1925 553 1971 Arcessas,
575 1929 616 1962 et
637 1934 755 1975 egere
775 1927 903 1968 veteS‚
924 1926 966 1960 et
986 1917 1161 1960 scribere
1181 1931 1316 1972 cogas,

343 1991 427 2033 Sed
447 1998 583 2030 tamen
603 1997 664 2028 est
684 1999 819 2041 operae
839 1985 1017 2039 pretium
1038 1999 1296 2039 cognoscere,
1317 1982 1457 2038 quales

341 2057 539 2099 AEdituos
558 2055 708 2096 habeat
728 2051 826 2093 belli
846 2058 1027 2106 spectata
1045 2050 1237 2106 domique
1415 2071 1417 2073 ·
1571 2048 1656 2089 230

344 2125 497 2175 Virtus,
516 2122 687 2176 indigno
707 2134 790 2161 non
810 2117 1104 2160 committenda
1122 2123 1271 2172 poetae.

341 2193 497 2235 Gratus
520 2188 756 2231 Alexandro
775 2185 862 2240 regi
885 2186 1043 2240 Magno
1058 2183 1139 2225 fuit
1157 2183 1229 2225 ille

342 2258 567 2309 Choerilus,
588 2254 758 2305 incultis>
775 2253 845 2309 qui
862 2252 1046 2294 versibus
1067 2260 1108 2293 et
1127 2251 1233 2293 male
1252 2250 1359 2292 natis

339 2325 522 2370 Rettulit
542 2332 743 2378 acceptos,
764 2320 899 2375 regale
911 2319 1126 2369 nomisma,
1146 2317 1376 2373 Philippos.

341 2396 423 2438 Sed
439 2392 568 2435 veluti
588 2390 761 2432 tractata
779 2397 916 2430 notam
940 2387 1151 2442 labemque
1170 2386 1385 2428 remittunt
1568 2386 1654 2429 235

339 2466 595 2509 Atramenta,
615 2458 700 2499 fere
720 2456 935 2511 scriptores
955 2454 1133 2496 carmine
1152 2452 1265 2494 foedo

340 2525 693 2586 Splendidafacta
711 2523 859 2564 linunt.
922 2522 1041 2563 Idem
1062 2535 1133 2562 rex
1152 2520 1238 2570 ille,
1259 2525 1406 2574 poema

338 2597 421 2649 Qui
442 2604 526 2637 tam
545 2591 764 2634 ridiculum
785 2598 869 2631 tam
889 2603 980 2630 care
1000 2588 1196 2642 prodigus
1216 2586 1330 2636 emit,

328 2654 491 2708 ‘Edicto
505 2659 638 2706 vetuit
657 2658 801 2712 nequis
821 2671 879 2707 se,
899 2664 1048 2711 praeter
1063 2653 1259 2708 Apellen,
1448 2699 1452 2701 ι
1641 2694 1644 2698 7

335 2731 546 2785 Pingeret,
567 2734 639 2768 aut
658 2724 763 2767 alius
784 2723 972 2778 Lysippo
991 2722 1159 2762 duceret
1178 2734 1259 2760 aera
1565 2720 1652 2762 240

336 2797 475 2842 Fortis
496 2791 723 2837 Alexandri
743 2791 903 2833 vultum
926 2787 1172 2831 simulantia.
1233 2786 1356 2838 Quod
1375 2786 1408 2827 si
