1962 3268
630 308 883 337 sEnMoxuM
919 308 1008 337 mn.
1041 309 1092 336 Π.
1125 296 1163 336 4.

219 406 380 448 Curvet
399 421 498 462 aper
516 407 654 449 lances
674 421 837 449 carnem
860 408 1032 453 vitantis
1052 408 1224 450 inertem
1241 425 1250 450 ε

219 473 330 515 Nam
352 473 542 517 Laurens
561 474 695 516 malus
715 482 793 525 est,
815 473 924 516 ulvis
944 482 986 516 et
1006 475 1208 517 arundine
1228 476 1409 532 pinguis,

220 539 353 583 Vinea
373 540 596 584 summittit
615 555 783 596 capreas
804 555 886 582 non
907 557 1069 597 semper
1088 544 1244 587 edules.

218 609 431 651 Fecundae
451 609 602 664 leporis
623 609 786 665 sapiens
808 610 1036 651 sectabitur
1056 626 1203 652 armos.

219 677 409 720 Piscibus
428 685 552 732 atque
571 677 717 719 avibus
737 691 831 732 quae
848 685 996 720 natura
1015 687 1057 720 et
1075 678 1182 721 foret
1201 687 1317 730 netas,

216 746 328 788 Ante
349 759 484 786 meum
507 744 612 786 nulli
633 745 769 800 patuit
789 745 965 802 quaesita
984 747 1183 802 palatum.

219 814 327 856 Sunt
345 827 518 870 quorum
536 813 748 869 ingenium
770 828 878 856 nova
899 823 1060 857 tantum
1082 816 1265 858 crustula
1286 816 1451 872 promit.

218 883 490 938 Nequaquam
511 882 610 924 satis
630 881 674 923 in
695 897 739 924 re
759 896 843 924 una
862 898 1103 926 consumere
1123 899 1285 927 curam:

218 950 284 992 Ut
303 949 431 1006 siquis
451 950 581 992 solum
603 950 696 1000 hoc,
717 950 826 992 mala
846 965 898 992 ne
919 951 1002 993 sint
1023 952 1133 1004 vina,
1150 953 1321 1002 laboret,

218 1017 344 1069 Quali
363 1018 586 1074 perfundat
606 1018 753 1074 pisces,
775 1033 957 1070 securus,
978 1020 1103 1072 olivo,

219 1086 404 1129 Massica
424 1086 459 1128 si
480 1087 586 1129 coelo
607 1101 815 1142 supponas
837 1087 934 1130 vina
954 1104 1112 1141 seren0,

218 1153 451 1205 Nocturna,
472 1154 609 1211 siquid
629 1154 754 1196 crassi
775 1164 852 1206 est,
870 1157 1112 1199 tenuabitur
1131 1172 1245 1207 aura,

218 1222 280 1263 Et
299 1222 473 1264 decedet
492 1223 595 1270 odor
613 1222 750 1264 nervis
770 1223 962 1266 inimicus
978 1241 990 1273 ;
1024 1234 1067 1267 at
1087 1225 1160 1267 illa

220 1290 438 1345 Integrum
458 1290 640 1345 perdunt
661 1290 746 1332 lino
762 1291 909 1334 vitiata
929 1307 1128 1348 saporem.

217 1357 464 1400 Surrentina
484 1358 598 1400 vafer
617 1358 688 1414 qui
710 1359 855 1401 miscet
874 1360 976 1402 faece
998 1361 1178 1403 Falerna

219 1423 344 1477 Vina,
365 1425 601 1468 columbino
621 1426 766 1468 limum
787 1428 891 1470 bene
911 1429 1071 1484 colligit
1092 1445 1170 1471 ovo
1187 1446 1197 1478 3

219 1493 436 1544 Quatenus
456 1493 540 1536 ima
559 1494 665 1550 petit
686 1495 855 1537 volvens
876 1496 1010 1539 aliena
1030 1497 1209 1540 vitellus.

222 1562 368 1604 Tostis
388 1571 638 1604 marcentem
661 1562 823 1619 squillis
844 1566 1046 1607 recreabis
1066 1574 1107 1607 et
1127 1566 1232 1608 Afra

221 1631 416 1673 Potorem
437 1630 628 1679 cochlea;
662 1645 756 1673 nam
779 1631 939 1674 lactuca
959 1633 1122 1676 innatat
1143 1635 1227 1676 acri

221 1698 326 1740 Post
346 1698 489 1740 vinum
511 1698 751 1741 stomacho:
783 1714 911 1755 perna
932 1701 1064 1756 magis
1085 1717 1132 1744 ac
1153 1702 1285 1758 magis
1306 1702 1419 1744 hillis

221 1767 410 1823 Flagitat
428 1767 472 1809 in
492 1782 651 1809 morsus
670 1767 808 1814 refici3
839 1768 940 1824 quin
961 1769 1100 1811 omnia
1120 1770 1236 1813 malit

221 1837 494 1892 Quaecunque
515 1835 741 1877 immundis
760 1836 923 1878 fervent
943 1838 1060 1879 illata
1080 1838 1257 1894 popinis.

221 1903 303 1945 Est
321 1917 458 1958 operae
479 1903 659 1959 pretium
680 1904 862 1959 duplicis
883 1920 1124 1960 pernoscere
1137 1906 1246 1961 juris

221 1970 425 2012 Naturam
443 1987 452 2012 :
486 1971 663 2026 simplex
682 1987 705 2013 e
725 1971 839 2013 dulci
860 1981 1021 2014 constat
1040 1973 1164 2025 olivo,

221 2037 346 2089 Quod
366 2038 514 2094 pingui
534 2039 706 2081 miscere
727 2054 839 2081 mero
861 2040 1075 2097 muriaque
1090 2042 1266 2092 decebit,

222 2106 320 2147 Non
341 2106 423 2148 alia
441 2121 562 2162 quam
586 2122 668 2163 qua
690 2108 900 2163 Byzantia
920 2110 1061 2164 putuit
1081 2125 1188 2152 orca.

223 2175 321 2216 Hoc
342 2174 415 2215 ubi
435 2175 652 2217 confusum
675 2176 796 2216 sectis
816 2176 1016 2218 inferbuit
1038 2177 1192 2228 herbis,

224 2241 483 2297 Corycioque
503 2257 621 2284 croco
642 2257 828 2296 sparsum
848 2244 977 2294 stetit,
999 2244 1167 2299 insuper
1186 2246 1313 2287 addes

225 2312 375 2352 Pressa
398 2309 645 2352 Venafranae
665 2311 777 2366 quod
797 2311 922 2353 bacca
941 2311 1098 2353 remisit
1118 2312 1251 2354 olivae.

225 2378 392 2420 Picenis
412 2378 570 2420 cedunt
586 2378 719 2434 pomis
741 2379 938 2421 Tiburtia
958 2394 1102 2428 succo;

224 2447 333 2489 Nam
354 2445 460 2488 facie
479 2454 690 2502 praestant.
751 2447 967 2490 Venucula
987 2448 1179 2490 convenit
1199 2449 1307 2501 ollis,

225 2515 401 2557 Rectius
423 2514 633 2557 Albanam
653 2514 768 2556 fumo
788 2515 999 2558 duraveris
1019 2531 1166 2559 uvam:
1187 2520 1189 2522 ’

226 2584 353 2625 Hanc
372 2597 449 2638 ego
469 2597 561 2625 cum
583 2583 717 2634 malis,
739 2599 815 2640 ego
834 2584 978 2626 faecem
999 2584 1157 2640 primus
1176 2595 1218 2628 et
1233 2586 1366 2638 halec,

226 2650 395 2693 Primus
414 2659 456 2693 et
475 2650 665 2692 invenior
683 2651 801 2707 piper
820 2650 974 2704 album,
995 2667 1089 2695 cum
1111 2655 1196 2696 sale
1215 2655 1334 2711 nigro

227 2719 456 2770 Iucu-etum,
476 2718 591 2774 puris
611 2719 951 2776 circumposuisse
971 2722 1136 2764 catillis.

229 2787 418 2828 Immane
437 2795 499 2828 est
519 2786 682 2839 vitium,
701 2789 799 2830 dare
819 2790 948 2831 millia
966 2799 1081 2833 terna
1101 2792 1288 2842 macello,

1504 296 1560 339 49

1496 681 1553 722 45

1498 1023 1555 1062 50

1498 1702 1555 1746 60

1503 2043 1559 2085 65
