1962 3268
434 306 518 346 130
866 318 907 346 Q.
934 315 1130 343 nonA'rn
1165 314 1329 342 FLAccr

798 437 938 480 ODE·
967 437 1124 478 XVII.
1188 438 1258 486 (M.
1282 437 1393 486 xlx.)

894 542 954 569 AD
987 539 1301 569 MAECENATEM.

499 618 596 661 sz
618 630 682 659 me
701 616 876 672 querelis
903 615 1110 658 exanimas
1131 615 1244 657 tuis?

498 687 589 728 Nec
609 684 704 726 Diis
723 683 898 726 amicum
919 692 981 725 est
1001 698 1076 726 nec
1096 683 1198 725 mihi
1219 692 1259 725 te
1279 683 1393 738 prius

558 752 698 803 Obire,
720 753 946 803 Maecenas,
967 765 1148 794 mearum

614 819 784 862 Grande
803 819 928 861 decus
949 819 1217 873 columenque
1237 831 1386 859 rerum.

502 887 594 930 Ah!
630 896 671 929 te
692 901 792 928 meae
813 886 847 927 si
867 894 1025 941 partem
1055 885 1203 927 animae
1222 885 1332 939 rapit

504 954 714 997 Maturior
733 953 810 1003 vis,
827 952 927 1007 quid
947 966 1081 993 moror
1101 951 1245 1003 altera,

557 1024 648 1065 Nec
667 1035 784 1064 carus
806 1034 937 1076 aeque,
958 1034 1034 1061 nec
1053 1027 1256 1074 superstes

615 1090 814 1144 Integer?
847 1087 928 1129 Ille
941 1086 1035 1129 vdies
1055 1095 1270 1143 utramque

500 1159 639 1199 Ducet
656 1156 817 1198 ruinam
835 1171 844 1196 :
877 1169 958 1196 non
979 1169 1055 1209 ego
1074 1153 1277 1209 perfidum

503 1224 609 1267 Dixi
630 1231 926 1266 sacramentum
945 1239 954 1263 :
986 1222 1150 1273 ibimus,
1169 1221 1333 1270 ibimus,

561 1294 785 1347 Utcunque
806 1290 1026 1346 praecedes,
1048 1302 1283 1344 supremum

620 1361 799 1414 Carpere
819 1357 896 1399 iter
915 1356 1083 1398 comites
1103 1355 1249 1411 parati.

504 1429 579 1469 Me
598 1442 674 1468 nec
695 1425 916 1467 Chimaerae
936 1423 1103 1478 spiritus
1122 1423 1272 1477 igneae,

506 1496 547 1536 N
551 1509 596 1536 ec
617 1494 650 1536 si
669 1500 854 1547 resurgat
874 1490 1129 1533 centimanus
1151 1490 1310 1544 Gyges,

564 1560 749 1603 Divellet
769 1573 974 1615 unquam:
1007 1557 1065 1599 sic
1091 1556 1252 1613 potenti

621 1630 651 1670 J
655 1626 807 1669 ustitiae
826 1625 1106 1682 placitumque
1126 1624 1278 1666 Parcis.

510 1698 594 1738 Seu
614 1696 760 1746 Libra,
782 1709 854 1736 seu
876 1707 940 1735 me
963 1692 1155 1748 Scorpius
1174 1690 1322 1747 aspicit

508 1763 833 1813 Formidolosus,
854 1776 949 1816 pars
968 1759 1185 1802 violentior

564 1829 727 1872 Natalis
746 1830 875 1880 horae,
897 1843 968 1870 seu
988 1836 1186 1883 tyrannus

622 1896 840 1951 Hesperiae
862 1895 1136 1950 Capricornus
1162 1894 1311 1941 undae;

509 1966 745 2019 Utrumque
764 1971 947 2004 nostrum
968 1961 1197 2003 incredibili
1217 1961 1338 2001 modo

510 2031 727 2074 Consentit
748 2039 900 2072 astrum
918 2045 927 2070 ε
962 2036 1002 2070 te
1021 2029 1051 2069 J
1055 2027 1142 2069 ovis
1161 2027 1288 2082 impio

570 2099 726 2141 Tutela
749 2100 924 2140 Saturno
944 2096 1153 2150 refulgens

626 2165 810 2221 Eripuit,
831 2163 1088 2219 volucrisque
1109 2161 1207 2205 Fati

513 2235 716 2278 Tardavit
736 2234 834 2284 alas,
855 2246 947 2274 cum
969 2230 1145 2286 populus
1164 2229 1354 2286 frequens

514 2305 680 2345 Laetum
702 2300 872 2343 theatris
893 2308 954 2341 ter
974 2297 1131 2354 crepuit
1152 2312 1295 2339 sonum
1315 2314 1323 2339 :

572 2374 650 2414 Me
668 2380 836 2412 truncus
851 2368 1021 2423 illapsus
1041 2366 1204 2408 cerebro

629 2437 872 2487 Sustulerat,
894 2435 973 2477 nisi
995 2435 1166 2476 Faunus
1189 2433 1317 2475 ictum

516 2510 675 2549 Dextra
695 2502 886 2554 levasset,
910 2500 1222 2556 Mercurialium

496 2572 666 2617 ¹Custos
695 2571 885 2612 virorum.
946 2568 1138 2609 Reddere
1158 2556 1363 2608 victimas*

572 2641 807 2694 AEdemque
826 2636 1006 2678 votivam
1027 2642 1255 2676 memento:

627 2708 714 2748 Nos
733 2703 931 2746 humilem
951 2702 1141 2743 feriemus
1162 2716 1324 2756 agnam.

1733 884 1760 923 <a

1710 1219 1765 1279 io

1703 1555 1766 1599 ,15

1712 1893 1770 1933 20

1716 2230 1771 2270 25

1715 2567 1773 2607 30
