1962 3268
486 317 569 357 132
915 325 958 356 Q.
979 324 1177 353 nonA'rn
1210 324 1376 354 rumex

546 426 727 482 Pauperi
747 424 988 477 recluditur,

602 496 851 550 Regumque
870 492 1007 548 pueris
1024 508 1035 541 ;
1068 506 1144 534 nec
1163 492 1325 535 satelles
1347 493 1446 535 Orci

547 562 758 605 Callidum
780 559 1027 602 Promethea

602 625 783 672 Revexit
803 643 902 670 auro
922 636 1067 682 captus
1084 643 1093 667 :
1126 626 1196 668 hic
1216 627 1436 682 superbum

548 696 790 746 Tantalum,
814 703 936 750 atque
958 693 1131 736 Tantali

605 764 750 806 Genus
771 769 930 805 coercet
947 777 956 802 ε
989 761 1058 803 hic
1075 761 1211 803 levare
1231 761 1419 803 functum

548 834 778 886 Pauperem
798 829 1020 878 laboribus,

605 899 786 939 Vocatus
805 904 928 950 atque
946 909 1029 936 non
1050 902 1218 936 vocatus
1238 896 1369 938 audit.

876 1172 1003 1213 ODE
1035 1172 1173 1215 XIX.
1237 1172 1306 1225 (M.
1327 1178 1440 1231 nx.)

998 1308 1049 1335 IN
1082 1309 1316 1337 BAceHUM.

553 1407 785 1448 BAcchM
806 1406 1036 1449 in.remotis
1057 1407 1237 1449 carmina
1256 1407 1426 1463 rupibus

554 1473 653 1515 Vidi
673 1474 885 1516 docentem
909 1473 1083 1526 (credite
1102 1475 1268 1530 posteri)

612 1540 913 1597 Nymphasque
933 1540 1149 1594 discentes,
1171 1550 1212 1583 et
1244 1557 1362 1585 aures

669 1609 948 1665 Capripedum
973 1608 1214 1665 Satyrorum
1235 1618 1388 1652 acutas.

556 1677 675 1718 Evoe
694 1679 703 1718 Ξ
735 1676 889 1718 recenti
910 1672 1024 1717 mens
1045 1676 1224 1731 trepidat
1243 1685 1371 1729 metu,

558 1745 769 1799 Plenoque
791 1742 946 1785 Bacchi
965 1751 1129 1798 pectore
1149 1744 1360 1786 turbidum

616 1813 816 1853 Laetatur.
876 1812 1020 1853 Evoe!
1053 1825 1173 1866 parce
1193 1812 1337 1864 Liber,

676 1881 820 1930 Parce,
841 1879 957 1934 gravi
977 1880 1371 1935 metuendethyrso.

560 1947 644 1988 Fas
663 1946 893 2002 pervicaces
912 1954 974 1987 est
994 1946 1097 1987 mihi
1119 1947 1335 2001 ThyadaS,

561 2013 739 2068 Vinique
758 2012 928 2062 fontem,
949 2011 1067 2053 lactis
1086 2020 1128 2054 et
1145 2014 1289 2055 uberes

620 2081 798 2122 Cantare
816 2079 939 2130 rivos,
961 2087 1083 2134 atque
1101 2080 1256 2122 truncis

676 2146 817 2200 Lapsa
835 2145 945 2187 cavis
964 2145 1110 2188 iterare
1134 2147 1258 2189 mella
1275 2164 1285 2189 z

562 2215 646 2256 Fas
666 2221 708 2255 et
725 2213 857 2255 beatae
876 2212 1062 2268 conjugis
1088 2213 1274 2256 additum

565 2281 704 2323 Stellis
724 2280 935 2331 honorem,
955 2287 1143 2336 tectaque
1162 2281 1338 2324 Penthei

620 2348 809 2405 Disjecta
827 2361 911 2388 non
932 2347 1015 2389 leni
1033 2348 1166 2400 ruina,

680 2413 858 2456 Thracis
877 2423 919 2456 et
939 2414 1112 2456 exitium
1135 2415 1334 2471 Lycurgi.

567 2483 640 2523 Tu
658 2480 788 2523 flectis
808 2496 962 2532 amnes,
984 2490 1031 2523 tu
1050 2495 1160 2524 mare
1179 2483 1419 2525 barbarum:

500 2571 503 2575 ·
564 2549 637 2590 Tu
656 2548 851 2603 separatis
869 2548 1021 2590 uvidus
1042 2548 1084 2589 in
1097 2548 1213 2603 jugis

618 2616 661 2657 N
664 2615 742 2656 odo
768 2620 929 2656 coerces
948 2615 1133 2670 viperino

564 2730 569 2734 ι
675 2681 937 2723 Bistonidum
963 2681 1050 2724 sine
1070 2682 1215 2725 fraude
1236 2683 1390 2726 crines:

563 2751 651 2801 Tu,
672 2764 763 2791 cum
784 2749 964 2805 parentis
983 2764 1109 2804 regna
1128 2765 1202 2805 per
1220 2751 1392 2793 arduum

1768 2019 1821 2059 10

1769 2355 1822 2396 15
