1962 3268
630 314 881 353 cAanuM
916 326 1005 354 Lm.
1038 317 1108 356 nr.
1144 314 1184 369 7.

295 420 393 462 Non
412 419 479 462 his
491 422 696 478 juventus
714 414 804 466 orta
823 426 1064 480 parentibus

294 486 447 530 Infecit
465 504 607 546 aequor
620 490 825 547 sanguine
839 491 1000 534 Punico
1014 510 1026 540 ;

347 555 640 614 Pyrrhumque
659 567 701 601 et
720 558 929 614 ingentem
951 561 1103 603 cecidit

403 628 662 672 Antiochum
684 630 1019 688 Annibalemque
1035 631 1173 676 'dirum
1191 652 1201 677 τ

289 695 372 738 Sed
393 696 643 739 rusticorum
663 698 846 740 mascula
869 699 1047 742 militum

287 761 447 813 Proles,
471 764 648 807 Sabellis
667 766 789 808 docta
810 765 1019 821 ligonibus

343 831 519 874 Versat-e
537 833 694 889 glebas,
717 842 759 876 et
779 849 933 876 severae

399 899 552 942 Matris
572 901 625 942 ad
646 901 861 943 arbitrium
884 902 1052 944 recisos

285 966 457 1009 Portare
470 967 624 1017 fustes3
659 969 720 1011 sol
740 970 813 1012 ubi
836 971 1036 1012 montium

285 1033 475 1077 Mutaret
495 1037 675 1088 umbras,
697 1045 739 1078 et
752 1038 859 1093 juga
877 1039 1060 1081 demeret

341 1101 484 1144 Bobus
502 1102 689 1159 fatigatis
704 1106 881 1148 amicum

398 1171 588 1226 Tempus
607 1186 734 1228 agens
754 1174 934 1218 abeunte
954 1190 1090 1217 curru.

241 1248 245 1254 ·
281 1237 494 1281 Damnosa
511 1239 613 1295 quid
632 1255 715 1282 non
735 1241 945 1285 imminuit
964 1244 1052 1286 dies
1067 1249 1086 1285 Ρ

281 1302 429 1347 AErAs
450 1316 670 1362 parentum
690 1309 808 1364 pejor
827 1310 916 1353 avis
938 1311 1035 1353 tulit

335 1374 425 1416 Nos
443 1376 673 1431 nequiores,
694 1391 790 1419 mox
810 1378 978 1421 daturos

393 1444 640 1499 Progeniem
663 1445 930 1488 vitiosiorem.

612 1757 739 1797 ODE
772 1759 878 1799 VII.
942 1759 1010 1809 (M.
1034 1766 1168 1818 xvn.)

648 1897 665 1902 “’
706 1914 767 1940 ΑΙ)
802 1915 1054 1943 As'rEmEN.

271 2031 391 2082 Qum
412 2032 500 2084 fles,
522 2035 699 2084 Asterie,
722 2051 844 2093 quem
867 2037 941 2080 tibi
964 2039 1129 2082 candidi

270 2100 412 2142 Primo
432 2102 650 2145 restituent
672 2119 766 2147 vere
789 2096 982 2155 Favonii,

327 2167 485 2223 Thyna
504 2184 637 2212 merce
657 2172 838 2223 beatum,

382 2235 623 2278 Constantis
638 2238 834 2293 juvenem
851 2240 933 2282 fide

268 2302 452 2358 Gygen?
475 2302 545 2345 ille
566 2305 690 2347 Notis
710 2315 827 2349 actus
847 2308 900 2350 ad
922 2309 1091 2351 Oricum

268 2370 371 2412 Post
390 2370 535 2413 insana
556 2373 707 2429 Caprae
728 2375 877 2427 sidera,
898 2377 1077 2433 frigidas

323 2439 478 2482 Noctes
498 2455 581 2483 non
602 2441 690 2485 sine
699 2444 851 2488 multis

308 2532 320 2537 s
379 2509 586 2551 Insomnis
605 2509 784 2553 lacrimis
805 2513 904 2568 agit.

263 2575 398 2631 Atqui
419 2576 593 2619 solicitae
613 2578 783 2622 nuntius
803 2579 1003 2637 hospitae,

263 2643 476 2699 Suspirare
497 2645 673 2697 Chloen,
691 2656 737 2690 et
753 2648 940 2693 miseram
964 2651 1046 2693 tuis

318 2709 474 2753 Dicens
490 2711 656 2767 ignibus
677 2715 767 2767 uri„

375 2778 534 2821 Tentat
554 2781 669 2824 mille
691 2784 803 2826 vafer
823 2787 975 2829 modis:
1046 2828 1048 2834 ι
1113 2828 1117 2832 .

1481 306 1568 362 1⁴45-

1504 915 1560 954 40

1513 2321 1540 2360 U(

1479 2659 1536 2700 10
