1962 3268
0 817 16 867 ’μ’-’,ι
0 683 15 775 ”⁸5:⁴31
0 422 22 528 ἓως-σχῇ

51 808 53 811 .
43 379 48 383 i
37 324 49 335 r
44 282 52 294 „

673 325 925 357 SERMONUM
961 326 1047 357 Lm.
1073 330 1103 356 1.
1129 313 1169 356 1.

260 425 336 471 Nil
354 429 453 472 satis
471 437 548 480 est,
570 429 732 484 inquit3
755 427 858 484 quia'
871 429 993 478 tanti,
1013 436 1214 483 quantum
1233 427 1401 479 habeas,
1423 428 1491 469 sis.

259 496 376 548 Quid
393 496 519 539 facias
538 495 634 537 illi?
658 496 808 551 jubeas
828 494 1021 536 miserum
1043 509 1146 546 esse,
1169 495 1345 538 libenter

259 565 478 616 Quatenus
497 563 540 605 id
557 563 680 605 facit:
704 571 751 604 ut
769 562 938 619 quidam
959 572 1211 604 memoratur
1230 564 1408 605 Athenis

261 631 464 674 Sordidus
481 644 530 673 ac
545 631 678 682 dives,
699 630 844 686 populi
865 638 1125 672 contemnere
1146 645 1267 672 voces

263 699 334 742 Sic
353 699 498 741 solitus
514 715 526 747 ;
558 698 746 754 Populus
765 712 831 740 me
851 698 1004 749 sibilat,
1026 707 1069 740 at
1088 697 1193 739 mihi
1213 698 1367 753 plaudo

263 763 362 823 Ipse
380 766 507 817 domi,
529 766 652 808 simul
673 781 720 809 ac
738 780 929 808 nummos
949 767 1205 822 contemplor
1225 767 1267 808 in
1289 782 1396 810 arca,

261 835 470 878 Tantalus
489 850 514 877 a
533 835 658 878 labris
679 835 822 877 sitiens
841 835 1046 891 fugientia
1066 844 1205 891 captat

261 901 480 962 Flumina:
504 903 604 959 quid
626 903 767 946 rides?
799 912 961 946 mutato
980 904 1148 946 nomine
1168 905 1221 947 de
1243 914 1283 947 te

261 970 422 1016 Fabula
440 981 652 1015 narratur:
685 973 890 1028 congestis
911 973 1096 1029 undique
1116 973 1243 1015 saccis

264 1040 473 1082 Indormis
493 1040 672 1092 inhians,
693 1050 736 1083 et
756 1050 950 1097 tanquam
971 1055 1138 1096 parcere
1158 1041 1283 1083 sacris

264 1109 453 1165 Cogeris,
473 1118 546 1152 aut
565 1109 688 1165 pictis
708 1118 903 1165 tanquam
924 1109 1105 1165 gaudere
1126 1109 1304 1151 tabellis.

266 1177 413 1219 Nescis
432 1192 514 1233 quo
533 1177 670 1219 valeat
689 1191 898 1228 nummus,
919 1191 1039 1233 quem
1062 1178 1244 1232 praebeat
1264 1192 1384 1219 usum
1401 1181 1418 1219 ?

266 1245 395 1288 Panis
414 1254 588 1294 ematur,
610 1244 717 1296 olus,
740 1245 826 1286 vini
846 1245 1052 1286 sextarius
1070 1261 1079 1285 :
1103 1246 1226 1297 adde,

263 1313 395 1365 Queis
414 1313 596 1355 humana
615 1312 694 1355 sibi
713 1313 850 1354 doleat
870 1321 1019 1354 natura
1039 1313 1214 1368 negatis.

265 1382 335 1423 An
354 1380 526 1437 vigiiare
545 1389 661 1423 metu
681 1381 925 1432 exanimem,
947 1389 1169 1437 noctesque
1189 1381 1359 1438 diesque

266 1448 507 1491 Formidare
527 1448 657 1490 malos
677 1449 804 1498 fures,
825 1448 1031 1498 incendia,
1054 1463 1208 1501 servos,

268 1517 336 1559 Ne
356 1525 397 1558 te
412 1515 636 1572 compilent
654 1516 863 1572 fugientes
880 1533 891 1558 z
915 1516 994 1558 hoc
1009 1517 1163 1572 juvat?
1194 1518 1343 1560 horum

267 1584 442 1640 Semper
461 1599 539 1639 ego
559 1583 736 1639 optarim
757 1585 1043 1640 pauperrimus
1064 1600 1152 1627 esse
1171 1587 1385 1629 bonorum.

268 1653 328 1694 At
349 1652 383 1694 si
403 1652 617 1695 condoluit
637 1661 842 1694 tentatum
862 1653 1016 1708 frigore
1037 1668 1199 1709 corpus,

269 1720 358 1762 Aut
376 1720 482 1762 alius
502 1735 620 1763 casus
640 1721 747 1763 lecto
767 1730 808 1763 te
828 1720 986 1769 affixit3
1010 1720 1140 1763 habes
1159 1722 1232 1778 qui

269 1788 476 1840 Assideat,
496 1789 679 1831 fomenta
698 1798 829 1845 paret,
851 1789 1057 1832 medicum
1076 1798 1195 1845 roget
1215 1799 1262 1832 ut
1282 1799 1324 1833 te

271 1855 454 1899 Suscitet
474 1872 523 1900 ac
542 1858 690 1900 reddat
710 1858 818 1899 natis
838 1858 1025 1914 carisque
1045 1858 1315 1914 propinquis?

267 1923 369 1966 Non
389 1939 492 1967 uxor
512 1925 670 1967 salvum
693 1934 734 1967 te
754 1926 860 1976 vult,
881 1941 963 1967 non
983 1927 1116 1968 filius:
1150 1941 1291 1970 omnes

271 1991 409 2034 Vicini
429 1994 620 2046 oderunt,
640 1994 746 2045 noti,
766 1995 884 2050 pueri
904 2003 1028 2051 atque
1047 1996 1212 2051 puellae.

270 2060 456 2113 Miraris,
477 2077 570 2104 cum
591 2071 639 2104 tu
659 2072 830 2119 argento
849 2072 943 2119 post
963 2064 1102 2106 omnia
1120 2079 1264 2120 ponas,

273 2129 320 2171 Si
339 2143 461 2171 nemo
480 2139 652 2186 praestet
670 2146 794 2187 quem
815 2146 898 2173 non
919 2132 1113 2174 merearis
1133 2136 1347 2175 amorem?

272 2198 342 2240 An
362 2198 398 2239 si
417 2208 628 2254 cognatos,
650 2200 766 2241 nullo
786 2208 936 2242 natura
955 2200 1094 2241 labore

273 2267 389 2318 Quos
409 2266 486 2308 tibi
505 2266 592 2318 dat,
613 2266 790 2308 retinere
811 2266 913 2308 velis
934 2281 1177 2323 servareque
1198 2268 1377 2317 amicos;

275 2334 431 2377 Infelix
449 2350 614 2391 operam
635 2335 799 2391 perdas,
820 2343 868 2376 ut
886 2334 1013 2391 siquis
1034 2335 1205 2376 asellum

275 2403 331 2445 In
353 2418 500 2459 campo
520 2404 666 2446 doceat
685 2411 897 2459 parentem
920 2416 1082 2444 currere
1099 2403 1240 2445 fraenis
1257 2406 1274 2445 ?

274 2472 468 2528 Denique
488 2471 542 2514 sit
562 2471 656 2516 finis
675 2471 914 2527 quaerendi;
937 2464 1098 2527 quoque
1118 2470 1271 2514 habeas
1291 2472 1402 2527 plus,

274 2538 522 2596 Pauperiem
537 2548 702 2582 *metuas
724 2539 876 2590 minus,
898 2547 939 2581 et
959 2539 1078 2582 finire
1098 2540 1278 2582 laborem

275 2609 473 2665 Incipis&
494 2617 612 2664 parto
632 2608 743 2664 quod
763 2608 928 2659 avemus,
949 2621 1002 2650 ne
1021 2607 1147 2651 facias
1168 2610 1281 2666 quod

275 2675 518 2718 Ummidius
537 2676 706 2732 quidam
730 2677 827 2729 (non
848 2676 973 2732 longa
993 2685 1056 2719 est
1075 2676 1237 2733 fabula)
1261 2678 1376 2720 dives

276 2745 342 2787 Ut
361 2744 574 2787 metiretur
591 2755 796 2796 nummos,
815 2745 876 2787 ‘ita
895 2746 1085 2788 sordidus
1104 2755 1154 2788 ut
1174 2761 1217 2788 se

279 2814 376 2854 Non
396 2826 576 2868 unquam
598 2823 716 2856 'servo
735 2810 883 2856 melius
904 2813 1087 2866 vestiret,
1109 2815 1163 2856 ad
1181 2829 1311 2870 usque

1367 2897 1389 2922 n
1412 2885 1439 2923 2

1538 630 1597 673 65

1549 2001 1606 2041 85

1552 2680 1608 2723 95
