1962 3268
682 320 940 349 SERMONUM
976 319 1068 347 Lm.
1099 319 1149 346 11.
1182 305 1221 346 3.
1566 300 1624 344 39

283 425 493 476 Quorsum
514 421 716 477 pertinuit
736 421 887 476 stipare
908 419 1086 461 Platona
1107 417 1358 465 Menandro,

287 490 473 547 Eupolin
495 488 788 530 Archilocho?
812 486 982 530 comites
1002 486 1176 527 educere
1197 493 1333 527 tantos
1347 486 1365 523 Ρ

287 557 497 600 Invidiam
517 556 680 611 placare
701 570 821 611 paras
842 554 1008 597 Virtute
1027 552 1202 594 relicta?

283 626 563 668 Contemnere
583 623 729 665 miser:
762 622 932 664 vitanda
953 629 1018 662 est
1037 619 1226 674 improba
1249 618 1368 660 Siren

285 692 481 734 Desidia:
515 700 589 734 aut
607 691 806 748 quicquid
826 691 914 732 vita
933 688 1101 730 meliore
1121 684 1291 742 parasti,
1565 684 1619 724 15

286 760 532 802 Ponendum
554 774 674 816 oequo
694 760 845 802 animo.
906 758 943 805 ἿῘ
961 756 1036 798 Dii
1058 764 1113 807 te,
1137 753 1409 809 Damasippe,
1430 753 1602 807 deaeque

286 828 440 870 Verum
461 829 515 870 ob
532 828 751 870 consilium
773 828 928 870 donent
950 835 1136 868 tonsore:
1169 823 1242 865 sed
1261 822 1373 864 unde

285 897 399 938 Tam
420 896 526 938 bene
546 889 772 939 me'nfisti?
807 895 844 941 ἿῘ
864 896 1090 950 Postquam
1114 891 1247 934 omnis
1268 905 1333 932 res
1354 903 1444 931 mea
1464 889 1495 929 J
1499 900 1621 929 anum

286 964 355 1006 Ad
375 964 558 1006 medium
578 963 710 1006 fracta
730 972 807 1013 est,
829 963 964 1004 aliena
982 960 1150 1016 negotia
1171 973 1285 1008 curn,

287 1031 502 1073 Excussus
521 1031 697 1087 propriis
715 1047 724 1071 ε
757 1031 854 1072 olim
876 1044 972 1071 nam
994 1042 1176 1085 quaerere
1198 1026 1382 1068 amabam
1566 1023 1622 1063 20

285 1100 383 1150 Quo
401 1099 515 1141 vafer
535 1099 606 1141 ille
625 1100 752 1155 pedes
774 1098 941 1141 lavi-sset
964 1096 1170 1152 Sisyphus
1191 1109 1286 1143 aere‚

284 1166 402 1218 Quid
420 1167 623 1222 scalptum
644 1166 817 1217 infabre,
839 1166 941 1222 quid
959 1166 1098 1206 fusum
1119 1163 1264 1205 durius
1285 1169 1415 1203 esset:

287 1234 478 1277 Callidus
497 1234 597 1276 huic
617 1235 735 1290 signo
755 1235 957 1290 ponebam
979 1231 1109 1274 millia
1130 1238 1294 1289 centurn
1311 1245 1319 1270 :

287 1301 448 1343 Hortos
467 1302 735 1358 egregiasque
755 1302 900 1343 domos
920 1300 1138 1342 mercarier
1157 1313 1266 1340 unus

287 1369 396 1411 Cum
418 1369 534 1411 lucro
553 1370 724 1418 noram3
757 1370 869 1411 unde
888 1367 1120 1424 frequentia
1140 1365 1392 1408 Mercuriale
1567 1362 1623 1402 215

288 1438 530 1493 Imposuere
549 1437 652 1479 mihi
672 1452 899 1493 cognomen
922 1435 1113 1491 compita.
1174 1434 1211 1482 ἿῙ
1230 1433 1366 1476 Novi:

287 1506 349 1548 Et
368 1505 500 1548 morbi
520 1506 644 1547 miror
664 1514 887 1560 purgatum
910 1513 950 1546 te
970 1503 1095 1545 illius.
1157 1502 1193 1549 ἿῙ
1210 1500 1346 1557 Atqui

287 1573 462 1615 Emovit
481 1582 660 1615 veterem
683 1572 784 1613 mire
804 1586 953 1621 novuS,
974 1580 1022 1612 ut
1043 1571 1164 1622 solet,
1186 1570 1230 1611 in
1251 1584 1320 1611 cor

289 1641 490 1698 Trajecto
510 1640 650 1683 lateris
670 1639 809 1681 miseri
830 1639 1058 1694 capitisque
1079 1638 1244 1680 dolore:

291 1709 356 1751 Ut
373 1708 626 1764 lethargicus
648 1707 732 1758 hic,
753 1721 847 1749 cum
868 1707 916 1748 fit
935 1706 1071 1762 pugil,
1088 1714 1130 1747 et
1151 1704 1356 1747 medicum
1373 1709 1536 1757 urguet.
1567 1700 1625 1740 30

287 1776 455 1823 ΊῘΒιιιιι
475 1776 631 1832 nequid
650 1775 785 1817 simile
800 1775 913 1826 huic,
937 1782 1024 1815 esto
1040 1782 1088 1815 ut
1107 1773 1224 1815 libet.
1257 1772 1292 1819 ἺῘ
1307 1773 1346 1813 Ο
1367 1771 1488 1821 bone,
1509 1783 1562 1810 ne
1584 1776 1624 1808 te

290 1846 535 1896 Frustrere3
564 1845 720 1887 insanis
741 1852 782 1886 et
803 1852 864 1894 tu,
887 1842 1086 1897 stultique
1105 1855 1234 1897 prope
1255 1853 1410 1888 omnes,

289 1914 438 1970 Siquid
461 1913 683 1956 Stertinius
703 1912 791 1953 veri
812 1919 977 1966 crepat;
1010 1910 1123 1951 unde
1144 1923 1221 1964 ego
1242 1908 1346 1949 mira

289 1981 503 2037 Descripsi
523 1980 670 2023 docilis
690 1986 900 2034 praecepta
919 1978 1026 2029 haec,
1050 1986 1233 2032 tempore
1253 1990 1335 2032 quo
1356 1990 1423 2016 me

290 2050 456 2092 Solatus
469 2048 597 2105 jussit
617 2047 844 2103 sapientem
865 2060 1032 2101 pascere
1054 2045 1240 2095 barbam,
1567 2041 1626 2080 35

289 2119 434 2173 Atque
454 2132 479 2158 a
499 2115 694 2158 Fabricio
713 2129 796 2156 non
818 2113 977 2155 tristem
999 2122 1125 2168 ponte
1145 2112 1309 2154 reverti.

292 2186 402 2226 Nam
423 2184 530 2226 male
549 2198 594 2225 re
614 2191 731 2237 gesta
751 2196 844 2223 cum
866 2181 1015 2222 vellem
1037 2180 1201 2221 mittere
1221 2186 1365 2234 operto

293 2253 371 2293 Me
390 2251 524 2306 capite
543 2250 587 2291 in
607 2249 778 2300 flumen,
800 2249 944 2290 dexter
965 2247 1095 2297 stetit,
1117 2255 1159 2288 et
1181 2247 1295 2288 Cave
1314 2244 1421 2287 faxis

289 2320 361 2361 Te
381 2318 599 2374 quicquam
620 2316 861 2372 indignum:
894 2315 1028 2370 pudor
1050 2311 1226 2370 (inquit)
1250 2323 1290 2355 te
1311 2313 1444 2355 malus
1465 2312 1595 2366 angit,

293 2387 469 2429 Insanos
488 2385 560 2441 qui
579 2385 688 2427 inter
707 2398 872 2426 vereare
892 2383 1062 2425 insanus
1080 2381 1238 2424 haberi.
1571 2381 1626 2421 40

291 2454 479 2496 Primum
500 2468 596 2496 nam
616 2453 838 2509 inquiram,
859 2451 960 2507 quid
980 2450 1034 2492 sit
1051 2449 1212 2502 furere3
1242 2449 1321 2491 hoc
1342 2448 1376 2490 si
1397 2448 1475 2490 erit
1493 2447 1537 2489 in
1560 2457 1599 2489 te

293 2522 405 2571 Solo,
426 2522 487 2563 nil
507 2521 638 2572 verbi,
658 2536 800 2577 pereas
821 2520 922 2576 quin
943 2518 1121 2569 fortiter,
1143 2517 1306 2559 addam.

291 2590 428 2641 Quem
449 2589 558 2631 mala
577 2589 768 2640 stultitia,
790 2597 832 2630 et
851 2601 1139 2644 quemcunque
1159 2585 1323 2627 inscitia
1343 2585 1430 2626 veri

294 2658 466 2699 Caecum
489 2657 594 2712 agit,
615 2656 805 2698 insanum
831 2655 1061 2712 Chrysippi
1082 2654 1266 2710 porticus
1287 2662 1327 2695 et
1347 2668 1449 2709 grex

296 2725 512 2766 Autumat.
553 2725 662 2766 Haec
682 2724 876 2780 populos,
897 2723 989 2765 haec
1009 2738 1182 2778 magnos
1202 2722 1380 2765 formula
1401 2736 1532 2777 reges,
1576 2724 1629 2762 45

298 2793 487 2846 Excepto
508 2791 706 2846 sapiente,
729 2800 854 2833 tenet.
918 2793 1042 2833 Nunc
1063 2790 1202 2845 accipe
1223 2804 1348 2845 quare
