1962 3268
394 290 452 333 36
813 307 853 337 Q.
887 306 1040 334 uonAT
1050 304 1084 333 11
1119 306 1283 335 FLACCI

383 417 527 471 Atque
546 415 683 457 acidas
703 416 859 458 mavult
872 417 1017 459 inulas.
1079 418 1269 460 Necdum
1291 418 1424 460 omnis
1443 420 1587 462 abacta
1723 466 1727 468 ,

381 483 605 538 Pauperies
625 483 757 539 epulis
777 499 943 540 regumt
976 499 1068 526 nam
1083 485 1233 527 vilibus
1254 486 1342 528 ovis
1645 487 1701 528 45

387 550 612 606 Nigrisque
633 561 695 592 est
716 552 817 593 oleis
837 551 960 594 hodie
975 552 1103 594 locus.
1167 554 1300 595 Haud
1320 553 1379 596 ita
1398 554 1555 609 pridem

386 617 556 658 Galloni
574 618 773 672 praeconis
793 627 879 660 erat
909 619 1142 674 acipensere
1162 635 1301 662 mensa

384 684 558 726 Infamis
575 701 583 726 :
615 685 746 741 quid?
769 695 856 727 tum
877 687 1068 729 rhombos
1088 688 1224 729 minus
1244 703 1384 744 aequor
1403 689 1571 731 alebat?

381 752 517 794 Tutus
537 762 623 795 erat
642 753 852 805 rhombus,
885 763 1055 810 tutoque
1076 755 1231 797 ciconia
1252 756 1365 807 nido,

381 822 528 863 Donec
548 836 620 862 vos
640 831 781 863 auctor
800 822 940 863 docuit
961 822 1187 876 praetorius.
1239 824 1355 878 Ergo
1641 825 1700 866 50

384 888 430 930 Si
449 889 541 944 quis
561 904 671 930 nunc
692 904 850 942 mergos
870 904 1014 930 suaves
1035 889 1212 931 edixerit
1228 905 1355 942 assos,

380 952 548 998 Parebit
567 957 683 1011 pravi
703 956 847 997 docilis
870 957 1060 997 Romana
1073 956 1286 1011 juventus.

381 1023 580 1064 Sordidus
601 1039 625 1065 a
646 1023 759 1064 tenui
781 1023 893 1064 victu
913 1023 1096 1074 distabit,
1121 1024 1258 1066 Ofello

379 1094 409 1133 J
412 1092 556 1133 udice:
588 1106 681 1132 nam
702 1091 854 1132 frustra
875 1090 1021 1131 vitium
1044 1091 1238 1133 vitaveris
1257 1092 1379 1144 illud,
1443 1110 1446 1116 ·

380 1160 425 1201 Si
446 1168 486 1200 te
506 1159 586 1201 alio
607 1173 778 1214 pravum
811 1158 1041 1200 detorseris.
1104 1160 1352 1211 Avidienus,
1643 1164 1699 1204 55

381 1225 463 1269 Cui
485 1226 613 1268 Canis
634 1242 684 1268 ex
703 1241 799 1268 vero
820 1227 989 1267 ductum
1013 1241 1238 1282 cognomen
1259 1228 1458 1280 adhaeret,

379 1295 674 1350 Quinquennes
695 1294 803 1335 oleas
825 1302 901 1345 est,
916 1302 955 1335 et
977 1294 1180 1336 silvestria
1201 1310 1323 1337 corna
1335 1309 1346 1343 3

379 1365 456 1413 Ac,
478 1362 557 1404 nisi
578 1370 797 1413 mutatum,
819 1362 951 1417 parcit
972 1362 1197 1404 defundere
1217 1363 1359 1404 vinum
1377 1381 1389 1412 ;
1417 1368 1468 1405 ‘et

382 1429 515 1485 Cujus
536 1431 699 1471 odorem
722 1430 800 1471 olei
817 1444 993 1484 nequeas
1014 1430 1192 1484 perferre
1216 1428 1377 1479 (licebit

379 1499 461 1540 Ille
479 1497 649 1553 repotia,
669 1498 841 1546 natales,
863 1497 1015 1538 aliosve
1036 1497 1195 1538 dierum
1641 1498 1698 1541 60

380 1565 527 1605 Festos
548 1563 709 1604 albatus
730 1562 920 1612 celebret)
944 1576 1070 1602 cornu
1091 1562 1179 1616 ipse
1198 1562 1335 1603 bilibri

379 1631 579 1673 Caulibus
599 1630 787 1680 instillat,
810 1629 958 1670 veteris
978 1644 1059 1670 non
1081 1644 1229 1684 parcus
1251 1629 1368 1671 aceti.

379 1699 502 1750 Quali
517 1698 645 1754 igitur
665 1697 779 1738 victu
799 1697 961 1752 sapiens
977 1696 1142 1738 utetur?
1175 1706 1216 1738 et
1235 1697 1383 1738 horum

378 1769 534 1809 Utrum
555 1766 811 1807 imitabitur?
847 1766 943 1806 Hac
963 1774 1113 1819 urguet
1133 1766 1271 1820 lupus,
1291 1765 1369 1806 hac
1389 1766 1515 1817 canis,
1537 1765 1667 1827 aiunt.

373 1835 563 1877 Mundus
584 1834 675 1884 erit,
697 1833 768 1888 qui
787 1848 869 1874 non
885 1833 1065 1874 offendat
1085 1834 1288 1883 sordidus,
1310 1842 1432 1888 atque
1636 1832 1693 1875 65

379 1904 431 1944 In
452 1910 637 1943 neutram
659 1909 816 1955 partem
840 1901 974 1942 cultus
994 1900 1142 1942 miser:
1176 1901 1244 1942 hic
1265 1915 1397 1955 neque
1411 1900 1552 1951 servis,

376 1969 528 2011 Albuti
548 1968 656 2009 senis
676 1967 877 2022 exempIO,
900 1968 999 2008 dum
1022 1967 1162 2008 munia
1183 1967 1304 2017 didit,

375 2040 521 2080 Saevus
542 2036 643 2083 erit;
675 2049 822 2089 neque,
844 2034 951 2075 sicut
981 2034 1156 2088 simplex
1176 2034 1363 2084 Naevius,
1386 2043 1551 2075 unctam

374 2104 572 2147 Convivis
591 2102 791 2158 praebebit
811 2116 957 2156 aquam
975 2118 984 2142 ε
1017 2102 1163 2142 vitium
1185 2101 1264 2142 hoc
1277 2116 1438 2157 quoque
1457 2115 1665 2156 magnum.

374 2172 534 2227 Accipe
553 2185 678 2220 nune,
700 2170 834 2210 victus
854 2169 990 2210 tenuis
1013 2183 1106 2224 quae
1127 2177 1362 2223 quantaque
1383 2183 1522 2210 secum
1635 2168 1694 2223 70

373 2241 543 2283 Afferat.
606 2240 657 2280 In
678 2237 820 2293 primis
841 2237 978 2278 valeas
998 2237 1128 2282 bene;
1162 2250 1255 2277 nam
1277 2236 1401 2276 variae
1417 2250 1480 2277 res

374 2311 439 2352 Ut
459 2315 633 2350 noceant
652 2306 824 2353 homini,
846 2306 1001 2356 credaS,
1025 2320 1180 2347 memor
1199 2305 1312 2346 illius
1333 2320 1452 2357 escae,

378 2379 483 2428 Quae
503 2374 677 2429 simplex
696 2373 792 2414 olim
815 2373 889 2414 tibi
912 2373 1085 2414 sederit:
1119 2381 1162 2414 at
1184 2373 1306 2414 simul
1329 2373 1429 2414 assis

367 2442 594 2486 Miscueris
610 2441 731 2491 elixa,
753 2440 876 2481 simul
895 2440 1110 2495 conchylia
1130 2441 1288 2487 turdis;

375 2510 530 2554 Dulcia
551 2524 592 2550 se
612 2509 656 2549 in
675 2508 799 2549 bilem
816 2516 990 2557 vertent,
1013 2507 1302 2562 stomachoque
1323 2508 1546 2549 tumultum
1634 2507 1691 2562 75

375 2581 514 2621 Lenta
532 2577 635 2617 feret
655 2575 819 2629 pituita.
881 2575 1006 2616 Vides
1027 2582 1074 2615 ut
1094 2574 1273 2628 pallidus
1294 2575 1426 2616 omnis

345 2660 347 2663 ·
375 2647 508 2689 Coena
528 2644 721 2697 desurgat
742 2641 895 2682 dubia?
958 2642 1069 2692 Quin
1091 2656 1237 2696 corpus
1258 2651 1450 2683 onustum

374 2710 593 2756 Hesternis
613 2709 725 2750 vitiis
744 2708 926 2750 animum
947 2723 1108 2764 quoque
1128 2719 1361 2764 praegravat
1381 2724 1478 2761 una,

373 2783 515 2836 Atque
536 2777 695 2832 adfligit
714 2776 840 2818 humo
861 2775 1015 2817 divinae
1035 2776 1277 2831 particulam
1301 2791 1425 2818 aurae.
