1962 3268
642 302 900 332 sunnonem
932 302 1023 332 ma.
1055 303 1088 332 ι.
1119 291 1160 331 8.
1509 290 1566 332 25

234 413 337 456 Huc
355 411 470 469 prius
489 413 676 469 angustis
690 413 822 469 ejecta
841 414 1041 456 cadavera
1062 413 1179 455 cellis

236 476 472 523 Conservus
490 479 564 522 vili
584 481 790 534 portanda
808 481 971 523 locabat
993 480 1036 521 in
1058 493 1165 523 arca.

237 549 336 590 Hoc
354 548 515 590 miserae
532 547 648 603 plebi
667 538 802 589 stabat
817 561 1036 590 commune
1056 549 1307 603 sepulcrum,
1514 551 1568 592 10

238 615 468 658 Pantolabo
489 629 655 665 scurrae,
678 615 1026 672 Nomentanoque
1043 615 1199 671 nepoti.

237 683 363 725 Mille
382 682 508 738 pedes
527 681 572 723 in
591 681 743 733 fronte,
766 691 970 725 trecentos
990 683 1137 739 cippus
1156 683 1200 725 in
1221 697 1364 739 agrum

237 749 324 793 Hic
339 750 464 792 dabat
480 766 493 799 ;
525 749 712 792 haeredes
731 759 1046 793 monumentum
1066 765 1120 793 ne
1143 760 1393 808 sequeretur.

236 817 364 862 Nunc
382 818 481 861 licet
499 818 707 874 Esquiliis
726 818 915 861 habitare
935 819 1182 871 salubribus,
1199 828 1323 875 atque

234 887 401 942 Aggere
420 886 465 927 in
484 886 622 942 aprico
643 886 828 942 spatiari,
850 901 932 943 qua
952 886 1075 928 modo
1095 887 1233 929 tristes
1513 890 1568 930 15

236 954 363 996 Albis
383 953 600 995 informem
621 954 864 1009 spectabant
884 954 1043 996 ossibus
1059 969 1220 1010 agrum.

237 1021 347 1064 Cum
366 1021 472 1063 mihi
491 1036 575 1063 non
596 1029 760 1063 tantum
777 1021 970 1078 furesque
989 1022 1168 1079 feraeque
1189 1029 1320 1065 sue'tae

238 1090 370 1131 Hunc
389 1103 538 1131 vexare
557 1089 710 1141 locum,
731 1104 842 1131 curae
861 1099 960 1132 sunt
978 1098 1101 1146 atque
1122 1090 1267 1142 labori,

239 1157 468 1208 Quantum,
499 1156 748 1199 carminibus
769 1171 862 1213 quae
882 1167 1047 1200 versant
1067 1166 1190 1214 atque
1210 1158 1379 1201 venenis

237 1223 459 1266 Humanos
478 1223 639 1266 animos
657 1239 668 1265 ε
700 1223 778 1266 has
797 1224 914 1266 nullo
932 1226 1104 1280 perdere
1123 1240 1307 1281 possum,
1513 1230 1570 1269 20

237 1291 330 1333 Nec
348 1290 567 1347 prohibere
586 1291 724 1343 modo,
746 1291 920 1335 simulac
939 1307 1046 1348 vaga
1060 1293 1161 1335 luna
1181 1293 1376 1335 decorum

239 1358 423 1400 Protulit
443 1373 503 1410 os,
525 1358 625 1415 quin
646 1373 737 1402 ossa
756 1359 912 1416 legant,
929 1359 1158 1417 herbasque
1172 1369 1382 1404 nocentes.

242 1424 339 1468 Vidi
358 1434 522 1482 egomet
541 1426 661 1482 nigra
680 1426 931 1470 succinctam
951 1428 1102 1471 vadere
1121 1429 1234 1485 palla

240 1489 476 1546 Canidiam,
494 1491 672 1550 pedibus
687 1495 827 1546 nudis,
848 1509 1051 1553 passoque
1071 1497 1236 1554 capillo,

241 1560 352 1604 Cum
374 1563 538 1619 Sagana
556 1563 711 1620 majore
730 1563 959 1606 ululantem
978 1581 988 1606 :
1023 1565 1153 1621 pallor
1171 1573 1367 1623 utrasque
1513 1572 1568 1611 25

243 1631 419 1674 Fecerat
437 1626 663 1675 horrendas
679 1639 861 1688 aspectu.
922 1632 1115 1688 Scalpere
1131 1642 1280 1676 terram

239 1698 482 1755 Unguibus,
498 1707 541 1742 et
559 1700 717 1756 pullam
737 1700 936 1743 divellere
954 1700 1163 1743 mordicus
1178 1715 1327 1757 agnam

242 1768 501 1823 coeperunt;
534 1782 654 1810 cruor
672 1768 717 1810 in
737 1768 889 1811 fossam
911 1768 1123 1821 confusus,
1145 1778 1193 1812 ut
1213 1769 1311 1813 inde

240 1832 393 1877 Manes
412 1834 622 1888 elicerent,
644 1837 801 1880 animas
826 1851 1022 1893 responsa
1040 1837 1222 1880 daturas,

239 1902 386 1945 Lanea
404 1911 447 1945 et
467 1902 624 1959 effigies
643 1913 745 1957 erat,
762 1905 891 1948 altera
905 1919 1021 1947 cerea
1036 1918 1047 1952 3
1077 1904 1209 1963 major
1512 1912 1570 1952 30

239 1970 400 2022 Lanea,
416 1984 511 2027 quae
531 1972 665 2028 poenis
681 1981 956 2029 compesceret
974 1971 1222 2016 inferiorem.

240 2038 372 2081 Cerea
391 2039 633 2096 suppliciter
652 2041 802 2093 stabat,
823 2040 1040 2083 servilibus
1060 2048 1108 2083 ut
1127 2055 1223 2098 quae

239 2106 270 2148 J
273 2120 339 2149 am
359 2107 542 2163 peritura
555 2109 700 2151 modis.
763 2110 956 2152 Hecaten
977 2118 1097 2152 vocat
1111 2110 1241 2154 altera
1254 2127 1422 2165 saevam,

240 2173 386 2216 Altera
407 2175 670 2231 Tisiphonen
689 2191 699 2217 :
732 2186 942 2232 serpentes
961 2185 1085 2233 atque
1104 2178 1266 2221 videres

243 2239 436 2284 Infernas
455 2257 590 2285 errare
609 2257 745 2295 canes,
765 2244 990 2300 lunamque
1009 2245 1240 2298 rubentem,
1511 2253 1569 2294 35

242 2309 311 2351 Ne
329 2309 436 2352 foret
453 2309 520 2353 his
540 2311 672 2363 testis,
692 2321 786 2368 post
804 2326 956 2368 magna
974 2312 1102 2355 latere
1122 2315 1323 2369 sepulcra.

241 2377 429 2420 Mentior
447 2389 491 2422 at
503 2379 538 2422 si
557 2379 674 2436 quid,
693 2380 845 2423 merdis
865 2388 991 2436 caput
1009 2379 1202 2437 inquiner
1222 2381 1326 2425 albis

241 2445 497 2497 corvorum
530 2456 654 2505 atque
673 2447 717 2491 in
738 2463 805 2491 me
819 2447 959 2491 veniat
979 2447 1150 2490 mictum
1166 2458 1290 2507 atque
1310 2461 1496 2496 cacatum

239 2512 384 2556 Julius
404 2523 446 2557 et
458 2514 618 2572 fragilis
640 2516 847 2570 Pediatia,
862 2516 1011 2574 furque
1033 2518 1234 2561 Voranus.

243 2580 417 2636 Singula
437 2583 539 2639 quid
557 2589 812 2627 memorem?
843 2599 925 2642 quo
944 2594 1066 2641 pacto
1087 2585 1244 2630 alterna
1265 2587 1478 2645 loquentes
1514 2588 1570 2634 40

242 2649 419 2691 Umbrae
438 2665 530 2692 cum
555 2653 718 2709 Sagana
739 2650 969 2696 resonarint
991 2654 1108 2696 triste
1129 2663 1170 2696 et
1190 2665 1380 2706 acutum;

242 2717 387 2773 thue
406 2717 496 2774 lupi
515 2720 682 2763 barbam
699 2722 824 2764 variae
845 2737 939 2765 cum
956 2722 1080 2765 dente
1100 2724 1281 2767 colubrae

242 2786 493 2829 Abdiderint
507 2786 650 2831 furtim
671 2790 817 2838 ten-ist,
850 2799 892 2832 et
911 2789 1093 2845 imagine
1107 2807 1223 2834 cerea
