1962 3268
463 301 546 342 14ss
909 312 950 343 Q.
967 288 1161 339 ΗόΒΑτΠ
1196 296 1358 339 ameni

521 413 582 453 Ut
604 414 791 453 Proetum
814 411 960 452 mulier
980 410 1137 466 persida
1159 410 1368 451 credulum
1392 437 1405 448 .

520 479 655 520 Falsis
675 478 885 533 impulerit
906 477 1159 528 criminibus,
1180 477 1303 518 nimis

529 574 534 578 »
578 547 706 589 Casto
727 544 1036 600 Bellerophonti

635 615 849 656 Maturare
869 626 1024 663 necem,
1046 611 1183 654 refert.

520 685 672 725 Narrat
691 696 796 736 pene
816 680 957 722 datum
979 679 1105 722 Pelea
1126 681 1320 728 Tartaro,

521 752 785 804 Magnessam
807 747 1070 802 Hippolyten
1090 747 1188 788 dum
1208 745 1316 800 fugit
1337 745 1543 786 abstinens
1561 762 1568 786 :

577 819 638 858 Et
657 829 824 871 peccare
844 814 1036 855 docentes

635 882 783 924 Fallax
801 878 993 921 historias
1011 887 1170 925 movet;

521 952 709 992 Frustra:
739 961 834 989 nam
856 945 1033 1000 scopulis
1054 946 1214 986 surdior
1238 946 1346 986 Icari

519 1020 652 1058 Voces
668 1014 784 1058 audit
803 1012 940 1055 adhuc
959 1012 1131 1066 integer.
1191 1013 1253 1053 At
1274 1012 1348 1053 tibi

581 1086 648 1125 Ne
667 1082 826 1124 vicinus
848 1080 1037 1135 Enipeus

636 1150 739 1192 Plus
753 1149 870 1205 justo
883 1147 1059 1203 placeat,
1081 1161 1192 1189 cave.

522 1217 720 1270 Quamvis
743 1231 824 1258 non
845 1214 949 1258 alius
969 1214 1131 1256 flectere
1151 1229 1297 1270 equum
1321 1215 1451 1256 sciens

522 1287 662 1341 AEque
681 1283 931 1339 conspicitur
951 1281 1135 1337 gramine
1157 1282 1329 1331 Martio,

580 1354 670 1394 Nec
689 1351 902 1407 quisquam
926 1350 1031 1392 citus
1051 1363 1167 1404 aeque

641 1422 782 1461 Tusco
802 1412 968 1459 denatat
989 1417 1120 1466 alveo,

522 1490 662 1532 Prima
682 1495 801 1529 nocte
820 1486 986 1527 domum
1006 1483 1165 1534 claude,
1186 1497 1317 1539 neque
1338 1484 1379 1524 in
1402 1485 1487 1526 vias

524 1558 610 1598 Sub
630 1562 753 1609 cantu
774 1552 955 1608 querulae
976 1551 1138 1605 despice
1159 1550 1295 1601 tibiae3

580 1622 636 1664 Et
657 1631 696 1664 te
717 1635 825 1676 saepe
838 1618 1001 1661 vocanti

637 1691 813 1738 Duram,
835 1685 1014 1728 difficilis
1035 1700 1167 1727 mane.

816 2022 942 2062 ODE
975 2021 1108 2062 VIII.
1170 2019 1241 2070 (Μ.
1275 2026 1422 2072 xvm.)

917 2170 978 2197 AD
1011 2169 1324 2199 MAECENATEM.

521 2297 727 2336 MAnTns
747 2293 898 2335 coelebs
918 2292 1017 2348 quid
1039 2307 1155 2347 agam
1179 2290 1392 2339 Calendis,

519 2363 630 2414 Quid
645 2361 781 2411 -velint
801 2360 918 2401 flores
939 2369 980 2400 et
1002 2374 1137 2400 acerra
1158 2355 1261 2400 turis

514 2431 659 2478 Plena,
680 2427 855 2477 miraris,
870 2426 1110 2481 positusque
1131 2426 1253 2467 carbo
1274 2425 1318 2465 in

691 2495 860 2549 Cespite
878 2493 990 2542 vivo,

495 2571 499 2575 ’
516 2564 651 2605 Docte
671 2575 875 2603 sermones
894 2560 1106 2615 utriusque
1126 2559 1291 2613 linguae.

516 2632 716 2672 Voveram
739 2628 880 2669 dulces
901 2627 1057 2682 epulas,
1080 2635 1120 2668 et
1143 2626 1282 2667 album

515 2697 669 2739 Libero
689 2709 872 2751 caprum,
893 2709 1019 2749 prope
1040 2694 1252 2737 funeratus

684 2763 854 2806 Arboris
873 2762 972 2805 ictu.

1721 881 1781 919 20

1723 1215 1782 1254 25

1722 1554 1783 1593 30
