1962 3268
399 294 456 339 68
829 305 871 338 Q.
902 304 1100 334 nolum
1131 305 1296 334 rucei

455 408 545 450 Nec
564 421 714 449 munus
733 405 917 448 humeris
937 404 1112 448 efficacis
1133 403 1330 447 Herculis

513 475 669 517 Inarsit
689 474 916 516 aestuosiuz.

456 545 534 595 At,
556 543 694 599 siquid
713 557 892 598 unquam
915 541 996 583 tale
1017 540 1314 596 concupiveris,

512 613 542 652 J
546 626 663 653 ocose
682 612 908 661 Maecenac,
927 621 1071 665 precor
1659 605 1720 648 20

457 680 633 721 Manum
654 678 793 734 puella
812 677 925 720 savio
945 684 1126 732 opponat
1146 683 1234 726 tuo,

511 747 711 788 Extrema
731 754 773 788 et
793 745 835 787 in
857 745 1015 800 sponda
1032 743 1171 786 cubet.

912 1059 989 1100 1v.
1053 1057 1123 1110 (M.
1155 1062 1208 1110 ι.)

657 1183 719 1210 ΑΙ)
752 1183 946 1220 MAENAM,
979 1181 1169 1210 POMPEH
1202 1184 1457 1212 LIBERTUM.

458 1293 598 1334 Lums
617 1301 658 1335 et
678 1293 795 1348 agnis
815 1302 969 1349 quanta
990 1293 1132 1335 sortito
1152 1294 1318 1349 obtigit,
1355 1288 1362 1293 ’

513 1361 670 1403 Tecum
691 1360 795 1402 mihi
814 1361 1018 1403 discordia
1041 1369 1117 1411 est,

459 1428 631 1470 Ibericis
649 1436 814 1483 peruste
832 1427 1001 1469 funibus
1020 1428 1144 1478 latus,

514 1497 575 1537 Et
595 1510 713 1537 crura
732 1495 836 1537 dura
855 1495 1066 1549 compede.

458 1563 581 1605 Licet
601 1563 800 1618 superbus
821 1562 1006 1605 ambules
1024 1561 1214 1617 pecunia,
1688 1565 1719 1606 5

515 1632 703 1673 Fortuna
721 1645 804 1672 non
823 1637 958 1672 mutat
976 1643 1121 1685 genus.

459 1699 656 1751 Videsne,
678 1714 831 1741 sacram
852 1698 1047 1740 metiente
1069 1706 1110 1739 te
1130 1697 1239 1739 viam

516 1768 625 1809 Cum
645 1767 709 1809 bis
729 1776 791 1809 ter
810 1767 999 1808 ulnarum
1021 1774 1132 1820 toga,

457 1836 522 1876 Ut
540 1849 611 1876 ora
630 1843 763 1876 vertat
782 1833 865 1875 huc
885 1842 926 1875 et
945 1833 1027 1875 huc
1048 1832 1235 1874 euntium

518 1900 750 1943 Liberrima
768 1900 1030 1955 indignatio?
1663 1902 1720 1943 10

461 1971 607 2012 Sectus
626 1967 801 2023 flagellis
821 1967 890 2008 hic
912 1964 1278 2018 Triumviralibus,

513 2034 721 2077 Praeconis
741 2034 795 2075 ad
813 2032 1039 2083 fastidium,

456 2105 559 2146 Arat
580 2101 748 2145 Falerni
768 2100 881 2142 mille
900 2100 1020 2141 fundi
1041 2098 1205 2155 Jugera‚

514 2173 575 2213 Et
598 2169 778 2225 Appiam
798 2167 959 2210 mannis
982 2167 1103 2216 terit;

461 2238 750 2292 Sedilibusque
770 2250 944 2291 magnus
963 2235 1006 2275 in
1027 2234 1170 2290 primis
1191 2249 1327 2291 equeS,
1663 2241 1718 2283 15

514 2305 681 2348 Othone
701 2310 949 2358 contempto,
972 2302 1099 2345 sedet.

457 2375 569 2426 Quid
589 2373 738 2415 attinet
759 2380 820 2413 tot
839 2386 909 2412 ora
928 2370 1094 2412 navium
1117 2370 1232 2426 gravi

513 2442 708 2482 Rostrata
728 2438 823 2480 duci
843 2439 1023 2493 pondere

460 2511 615 2550 Contra
638 2507 817 2548 latrones
838 2513 959 2560 atque
981 2505 1168 2546 servilem
1190 2517 1371 2555 manum,
1738 2547 1745 2553 ,

493 2574 625 2622 Ἠοο,
646 2571 724 2612 hoc
745 2570 911 2611 tribuno
931 2568 1142 2610 militum?
1659 2573 1716 2616 20
