1962 3268
432 299 515 340 148
861 314 902 343 Q.
935 314 1128 341 nonATn
1163 314 1324 343 meacm

586 411 668 451 Pro
685 425 764 466 qua
784 425 864 452 non
887 420 1063 454 metuam
1086 414 1203 465 mori,

643 478 686 519 Si
708 487 874 533 parcent
896 480 1043 522 animae
1062 481 1146 523 fata
1166 482 1387 536 superstiti.

431 545 548 586 Lvn.
588 546 665 586 Me
685 554 810 588 torret
830 546 1081 590 face-mutua

643 611 824 654 Thurini
842 613 979 655 Calais
999 615 1108 656 filius
1131 617 1281 670 Ornyti
1297 633 1309 664 ;

583 678 665 720 I’ro
685 694 766 735 quo
787 680 848 721 bis
868 681 1002 735 patiar
1022 683 1138 731 mori,
1687 690 1743 730 15

644 747 688 788 Si
707 757 874 802 parcent
894 763 1020 803 puero
1040 750 1126 791 fata
1147 751 1372 804 superstiti.

428 814 472 853 H
478 826 547 854 on.
580 813 691 864 Quid
712 814 745 855 si
767 813 900 868 prisca
921 816 1028 857 redit
1048 817 1204 866 Venus,

638 881 922 939 Diductosque
935 881 1040 936 jugo
1061 883 1172 937 cogit
1193 882 1374 924 aheneo?

580 947 623 988 Si
646 947 751 988 flava
771 947 980 988 excutitur
1002 948 1149 999 Chloe,

635 1014 901 1069 Rejectaeque
921 1023 1034 1069 patet
1046 1016 1177 1070 janua
1199 1017 1378 1072 Lydiae?
1550 1042 1553 1044 ·
1686 1023 1744 1064 20

423 1079 539 1120 LYu.
581 1080 825 1134 Quanquam
848 1079 981 1121 sidere
1001 1080 1210 1134 pulchrior

635 1145 714 1187 Ille
735 1155 811 1197 est,
834 1154 880 1188 tu
899 1146 1028 1188 levior
1048 1148 1212 1200 cortice,
1234 1157 1275 1190 et
1296 1148 1480 1204 improbo

579 1213 822 1254 Iracundior
841 1213 969 1255 Adria
984 1246 996 1262 ,

638 1282 797 1322 Tecum
820 1281 958 1323 vivere
979 1296 1125 1333 amem,
1147 1291 1281 1325 tecum
1304 1285 1443 1326 obeam
1461 1285 1604 1327 libens.

833 1511 959 1552 ODE
993 1512 1054 1552 X.
1117 1510 1186 1561 (M.
1210 1516 1323 1568 XVI.)

950 1639 1010 1665 AD
1044 1639 1210 1668 LYCEN.

473 1747 745 1786 EXTREMUM
770 1745 932 1786 Tanain
955 1745 989 1786 si
1010 1746 1182 1796 biberem
1207 1748 1334 1802 Lyce,

475 1815 595 1853 Saevo
615 1821 744 1867 nupta
764 1813 866 1862 viro,
889 1827 953 1854 mc
974 1822 1109 1855 tamen
1131 1830 1292 1869 asperas

478 1881 716 1920 Pon-rectum
739 1888 834 1920 autc
853 1879 959 1920 fores
981 1881 1156 1934 objicere
1178 1882 1319 1923 incolis

647 1946 833 1986 Plorares
854 1946 1147 2000 Aquilonibus.

472 2013 603 2055 Audis
623 2029 703 2069 quo
724 2013 897 2068 strepitu
910 2013 1054 2068 janua,
1076 2028 1156 2068 quo
1175 2028 1318 2055 nemus
1703 2024 1730 2062 5

475 2084 591 2123 Inter
611 2081 783 2137 pulchra
803 2090 934 2123 satum
956 2083 1063 2122 'tecta
1084 2080 1284 2135 remugiat

470 2149 634 2199 Ventis,
655 2157 696 2190 et
716 2148 868 2203 positas
889 2156 936 2188 ut
955 2146 1104 2202 glaciet
1124 2147 1238 2188 nives

642 2216 752 2268 I‘huro
767 2215 936 2256 numine
955 2214 1150 2270 Jupiter?

472 2286 682 2339 Ingratam
705 2282 853 2324 Veneri
874 2297 979 2337 pone
1001 2282 1248 2336 superbiam,

470 2353 536 2392 Ne
556 2359 742 2394 currente
761 2359 850 2390 rota
868 2349 978 2400 funis
998 2358 1063 2390 eat
1084 2358 1203 2391 retro.
1672 2356 1728 2396 10

470 2420 565 2460 Non
586 2426 627 2459 te
648 2418 882 2472 Penelopen
904 2416 1109 2458 difficilem
1132 2417 1265 2470 procis

639 2483 882 2539 Tyrrhenus
902 2482 1045 2537 genuit
1064 2497 1222 2537 parens.

467 2555 520 2602 Ο,
541 2533 727 2607 quantivis
748 2565 878 2605 neque
896 2559 935 2590 te
955 2564 1136 2599 munera,
1158 2564 1233 2591 nec
1253 2565 1405 2605 preceS,

465 2620 507 2660 N
510 2634 556 2660 ec
575 2619 727 2660 tinctus
749 2617 856 2658 viola
875 2616 1006 2671 pallor
1025 2615 1264 2668 amantium,

464 2687 553 2728 Nec
573 2685 636 2726 vir
657 2683 795 2726 Pieria
813 2683 958 2739 pellice
977 2682 1137 2726 saucius
1663 2690 1723 2733 ,15

451 2747 453 2749 ¹
636 2753 821 2800 Curvat;
854 2750 1107 2806 supplicibus
1128 2750 1210 2792 tuis
