1962 3268
729 300 984 330 suanorum
1024 300 1112 328 ιι».
1146 300 1176 327 1.
1207 287 1249 328 3.
1598 285 1650 327 11

328 402 454 454 Quod
472 403 555 446 nisi
575 401 789 448 concedas,
810 399 987 442 habeare
1006 398 1208 450 insuavis,
1238 399 1424 450 acerbus,
1595 400 1654 441 85

328 469 470 513 Odisti
489 478 532 512 et
550 468 677 524 fugis,
707 476 756 510 ut
776 468 992 510 Rusonem
1013 465 1176 508 debitor
1195 465 1289 507 aeris
1306 481 1315 507 :

329 537 429 589 Qui,
458 537 540 579 nisi
560 550 654 579 cum
675 535 812 577 tristes
831 534 981 576 misero
1001 547 1150 576 venere
1172 533 1386 584 Calendae,

329 605 570 648 Mercedem
590 611 662 646 aut
681 616 873 645 nummos
893 602 1006 643 unde
1025 601 1138 643 unde
1158 600 1347 652 extricat,
1369 615 1528 644 amaras

328 673 526 716 Porrecto
539 670 690 728 jugulo
709 669 918 721 historiae,
940 669 1130 726 captivus
1149 677 1212 720 ut,
1240 668 1370 711 audit.

328 739 585 785 comminxit
604 739 758 781 lectum
780 746 919 794 potus,
940 752 1134 780 mensave
1155 737 1342 780 catillum
1603 741 1662 786 90

327 807 518 852 Evandri
537 806 728 850 manibus
748 806 892 848 tritum
913 806 1090 862 dejecit3
1123 806 1177 848 ob
1196 805 1306 848 hanc
1325 819 1428 857 rem,

328 877 423 918 Aut
442 875 624 932 positum
645 883 740 917 ante
762 889 853 916 mea
872 874 970 930 quia
989 874 1152 930 pullum
1171 874 1216 915 in
1236 882 1354 929 parte
1374 874 1502 916 catini

332 944 512 987 Sustulit
532 943 730 994 esuriens,
751 942 890 984 minus
910 942 990 984 hoc
1003 941 1219 998 jucundus
1240 941 1397 983 amicus

332 1012 399 1055 Sit
418 1011 556 1054 mihi?
617 1011 732 1063 Quid
750 1010 898 1052 faciam
922 1010 957 1052 si
976 1010 1134 1051 furtum
1155 1009 1330 1051 fecerit?
1361 1018 1434 1052 aut
1454 1011 1488 1052 si

333 1080 575 1122 Prodiderit
595 1078 812 1122 commissa
831 1078 946 1120 fide?
978 1091 1226 1133 sponsumve
1246 1077 1441 1131 negarit?
1607 1082 1663 1125 95

335 1148 463 1200 Queis
483 1148 599 1204 paria
618 1162 705 1189 esse
725 1147 809 1188 fere
828 1145 986 1201 placuit
1006 1153 1191 1200 peccata,
1212 1144 1416 1196 laborant,

335 1217 444 1259 Cum
466 1224 635 1258 ventum
659 1215 712 1256 ad
733 1228 875 1256 verum
897 1221 982 1256 est:
1017 1226 1160 1254 sensus
1181 1226 1395 1268 moresque
1415 1224 1664 1269 repugnant,

334 1285 479 1340 Atque
499 1283 590 1339 ipsa
609 1282 784 1334 utilitas,
799 1281 905 1337 justi
927 1295 1055 1336 prope
1075 1287 1208 1321 mater
1227 1287 1269 1321 et
1289 1279 1410 1336 aequi.

335 1353 444 1397 Cum
464 1358 756 1408 prorepserunt
776 1348 920 1406 primis
941 1347 1136 1390 animalia
1156 1347 1291 1398 terris,

335 1420 510 1461 Mutum
523 1427 565 1462 et
578 1427 699 1475 turpe
712 1432 854 1473 pecus,
867 1416 1062 1472 glandem
1076 1424 1198 1472 atque
1211 1415 1365 1457 cubilia
1377 1425 1559 1472 propter,
1583 1418 1668 1460 100

336 1487 565 1543 Unguibus
585 1495 626 1529 et
645 1485 814 1542 pugnis,
836 1485 932 1527 dein
947 1484 1144 1535 fustibus,
1167 1492 1290 1539 atque
1309 1483 1368 1526 ita
1388 1498 1510 1539 porro

338 1555 592 1611 Pugnabant
612 1554 751 1604 armis,
772 1568 866 1608 quae
885 1560 980 1608 post
998 1552 1270 1593 fabricaverat
1289 1566 1415 1600 usus;

339 1624 487 1666 Donec
507 1623 645 1674 verba,
669 1621 820 1678 quibus
841 1634 961 1662 voces
983 1633 1206 1675 sensusque
1224 1627 1431 1670 notarent,

339 1691 604 1747 Nominaque
624 1691 840 1732 invenere:
873 1687 1024 1730 dehinc
1044 1687 1240 1730 absistere
1259 1686 1382 1737 bello,

341 1758 511 1815 Oppida
530 1765 745 1813 coeperunt
765 1756 941 1806 munire,
964 1764 1004 1798 et
1024 1770 1176 1811 ponere
1195 1755 1322 1810 legeS,
1588 1757 1671 1798 105

341 1828 409 1870 Ne
429 1827 522 1883 quis
541 1827 609 1867 fur
628 1834 749 1875 esset,
780 1839 863 1866 neu
883 1825 1003 1874 latro,
1034 1838 1116 1865 neu
1137 1822 1229 1879 quis
1250 1823 1427 1864 adulter.

341 1896 453 1938 Nam
472 1894 554 1936 fuit
574 1903 669 1936 ante
690 1893 897 1934 Helenam
922 1906 1082 1933 cunnus
1102 1890 1312 1932 teterrima
1331 1890 1430 1932 belli

343 1964 504 2006 Causa:
538 1963 610 2004 sed
629 1961 781 2018 ignotis
802 1960 1013 2016 perierunt
1034 1958 1233 2001 mortibus
1254 1958 1331 2009 illi,

343 2032 458 2083 Quos
478 2032 678 2073 Venerem
700 2030 898 2071 incertam
919 2028 1125 2083 rapientes
1146 2040 1258 2067 more
1276 2025 1455 2068 ferarum

343 2098 512 2141 Viribus
533 2098 681 2140 editior
702 2098 901 2147 caedebat,
932 2104 979 2137 ut
999 2095 1043 2136 in
1063 2109 1189 2150 grege
1210 2102 1364 2136 taurus.
1590 2098 1677 2138 110

344 2167 375 2208 J
378 2181 452 2208 ura
471 2166 642 2207 inventa
662 2173 776 2205 metu
796 2163 940 2219 injusti
958 2163 1113 2204 fateare
1134 2177 1299 2204 necesse
1319 2171 1395 2213 est,

346 2234 558 2289 Tempora
577 2232 612 2273 si
632 2231 842 2286 fastosque
863 2230 966 2271 velis
987 2230 1175 2272 evolvere
1194 2230 1353 2271 mundi.

346 2302 438 2343 Nec
457 2308 604 2341 natura
624 2306 759 2354 potest
773 2298 889 2354 justo
909 2312 1119 2340 secernere
1140 2297 1344 2352 iniquum,

345 2367 514 2410 Dividit
534 2376 583 2408 ut
602 2367 710 2408 bona
731 2365 922 2416 diversis,
952 2365 1151 2421 fugienda
1171 2365 1375 2421 petendis.

344 2436 436 2477 Nec
455 2435 594 2476 vincet
614 2433 719 2476 ratio
740 2433 833 2484 hoc,
866 2434 1110 2476 tantundem
1133 2442 1180 2476 ut
1200 2442 1343 2489 peccet
1363 2434 1555 2491 idemque
1590 2437 1676 2479 115

344 2503 429 2556 Qui
450 2512 610 2545 teneros
631 2502 768 2544 caules
790 2501 914 2544 alieni
934 2501 1105 2558 fregerit
1126 2501 1252 2554 horti,

343 2571 405 2613 Et
425 2571 497 2627 qui
516 2578 742 2612 nocturnus
764 2584 878 2613 sacra
899 2569 1042 2611 divum
1064 2570 1223 2626 legerit.
1285 2570 1415 2612 Adsit

346 2637 527 2694 Regula,
557 2637 736 2693 peccatis
756 2652 850 2693 quae
869 2652 1016 2694 poenas
1035 2638 1188 2694 irroget
1209 2653 1373 2695 aequas:

348 2706 416 2747 Ne
436 2705 592 2747 scutica
612 2705 784 2761 dignum
806 2705 996 2749 horribili
1017 2715 1171 2749 sectere
1191 2706 1369 2762 flagello.

350 2773 475 2823 Nam,
506 2781 552 2814 ut
570 2772 702 2816 ferula
721 2773 855 2816 caedas
874 2773 1067 2816 meritum
1088 2774 1243 2831 majora
1263 2774 1402 2817 subire
1596 2776 1680 2817 120
