1962 3268
409 310 437 348 2
863 324 904 353 Q·
937 322 1132 351 HoRAru
1166 321 1329 352 FLAcct

416 421 631 471 Doctores,
653 420 854 464 elementa
873 422 1002 464 velint
1021 432 1068 465 ut
1088 424 1243 466 discere
1263 423 1451 478 prima—

418 488 499 529 Sed
521 496 656 530 tamen
677 497 812 530 amoto
832 504 1060 545 quaeramus
1081 491 1185 533 seria
1204 490 1315 532 ludo.

418 554 499 596 Ille
518 569 682 608 gravem
704 556 807 597 duro
827 564 974 598 terram
995 558 1066 612 qui
1087 558 1210 599 vertit
1230 565 1376 607 aratro,

416 622 605 663 Perfidus
625 622 694 664 hic
715 637 858 678 caupo,
880 624 1011 672 miles,
1031 634 1249 680 nautaeque
1268 638 1341 679 per
1360 639 1480 666 omne

416 690 610 731 Audaces
630 704 740 732 mare
760 691 830 746 qui
851 700 1034 742 currunt,
1055 692 1133 734 hac
1153 700 1289 733 mente
1308 691 1486 733 laborem
1678 692 1736 732 30

419 758 516 799 Sese
535 757 654 808 ferre,
677 773 793 799 senes
815 767 861 799 ut
880 758 923 799 in
943 759 1028 800 otia
1047 768 1137 801 tuta
1156 759 1364 808 recedant,

417 824 570 875 Aiunt,
592 839 684 866 cum
706 824 783 866 sibi
804 825 886 866 sint
907 835 1100 880 congesta
1121 826 1297 867 cibaria:
1331 826 1436 867 sicut

416 892 596 933 Parvula
619 890 733 941 (nam
754 892 939 946 exemplo
960 895 1041 947 est)
1064 893 1204 948 magni
1222 892 1391 933 formica
1410 893 1559 934 laboris

418 961 502 1001 Ore
522 959 664 1010 trahit,
684 960 956 1014 quodcunque
976 968 1125 1014 potest,
1147 967 1267 1013 atque
1287 958 1402 1000 addit
1421 973 1580 1008 acervo,

418 1029 549 1078 Quem
573 1026 707 1076 struit,
729 1026 841 1067 haud
859 1026 1002 1080 ignara
1021 1042 1069 1068 ac
1088 1041 1171 1067 non
1191 1026 1356 1067 incauta
1374 1025 1528 1066 futuri:
1679 1025 1736 1066 35

419 1095 538 1144 Quae,
561 1093 683 1134 simul
703 1093 909 1134 inversum
931 1093 1143 1135 contristat
1166 1093 1376 1148 Aquarius
1396 1106 1565 1143 annum,

420 1162 516 1202 Non
537 1175 707 1216 usquam
728 1160 923 1215 prorepit,
945 1168 987 1202 et
1006 1160 1088 1201 illis
1109 1161 1241 1202 utitur
1261 1167 1356 1201 ante

418 1227 612 1277 Quaesitis
632 1228 817 1282 sapiens;
842 1242 933 1269 cum
956 1236 996 1268 te
1015 1242 1148 1282 neque
1166 1227 1353 1268 fervidus
1372 1235 1497 1268 aestus

418 1295 640 1336 Dimoveat
659 1295 787 1346 lucro,
809 1309 940 1350 neque
960 1294 1107 1343 hiems,
1128 1294 1250 1349 ignis,
1273 1308 1399 1345 mare,
1419 1294 1570 1336 ferrum
1589 1311 1600 1342 ;

419 1363 495 1404 Nil
515 1364 648 1404 obstet
668 1363 758 1414 tibi,
781 1363 879 1404 dum
900 1378 951 1404 ne
971 1362 1024 1404 sit
1044 1371 1085 1404 te
1105 1362 1229 1404 ditior
1250 1362 1365 1403 alter.
1683 1364 1739 1404 40

421 1431 532 1480 Quid
546 1431 667 1485 juvat
687 1432 930 1472 immensum
953 1439 994 1472 te
1016 1430 1174 1484 argenti
1195 1430 1356 1484 pondus
1377 1437 1417 1470 et
1437 1429 1527 1471 auri

420 1498 580 1538 Furtim
601 1498 761 1539 defossa
781 1498 971 1539 timidum
993 1498 1195 1552 deponere
1216 1499 1352 1538 terra?

423 1566 459 1613 ἹῙ
485 1566 621 1616 Quod,
644 1565 677 1606 si
699 1565 965 1616 comminuas,
986 1564 1109 1605 vilem
1130 1563 1340 1619 redigatur
1361 1565 1414 1606 ad
1434 1579 1576 1606 assem.

423 1633 459 1680 ἹῙ
484 1634 547 1674 At
566 1633 610 1673 ni
630 1632 673 1673 id
688 1632 750 1682 fit,
771 1632 871 1687 quid
891 1632 1015 1673 habet
1033 1631 1195 1685 pulchri
1215 1641 1471 1674 constructus
1491 1630 1692 1674 acervus?

422 1700 561 1741 Millia
580 1699 776 1740 frumenti
798 1708 868 1741 tua
889 1699 1048 1740 triverit
1068 1714 1160 1740 area
1181 1708 1360 1752 centum,
1685 1703 1742 1743 45

423 1767 521 1808 Non
542 1775 637 1807 tuus
658 1766 736 1807 hoc
757 1766 890 1822 capiet
909 1775 1051 1807 venter
1071 1767 1163 1821 plus
1184 1781 1304 1822 quam
1327 1782 1465 1810 meus:
1497 1775 1545 1810 ut
1565 1768 1598 1809 si

423 1834 662 1875 Reticulum
684 1834 802 1888 panis
824 1834 986 1874 venales
1005 1834 1112 1874 inter
1132 1843 1279 1875 onusto

423 1902 547 1942 Forte
567 1901 693 1942 vehas
713 1900 898 1951 humero,
920 1901 1051 1941 nihilo
1070 1901 1163 1955 plus
1185 1902 1358 1956 accipias
1377 1917 1498 1957 quam

424 1970 507 2021 Qui
526 1969 586 2009 nil
605 1967 790 2023 portarit.
852 1969 888 2009 V
891 1969 929 2009 el
948 1969 1028 2018 dic,
1050 1969 1150 2024 quid
1169 1969 1316 2010 referat
1335 1969 1444 2011 intra

425 2038 600 2078 Naturae
620 2036 722 2077 fines
741 2035 913 2087 viventi,
928 2034 1077 2091 jugera
1097 2044 1276 2086 centum,
1299 2051 1351 2078 an
1685 2041 1742 2080 50

423 2105 545 2146 Mille
566 2113 651 2146 aret
668 2106 684 2145 ?
748 2105 784 2151 ἹῙ
809 2105 871 2144 At
891 2118 1016 2145 suave
1035 2112 1096 2145 est
1116 2119 1167 2145 ex
1186 2118 1334 2159 magno
1354 2104 1496 2146 tollere
1516 2119 1673 2147 acervo.

427 2173 463 2220 ἹῙ
479 2174 593 2214 Dum
617 2188 667 2214 ex
685 2187 812 2228 parvo
831 2171 948 2213 nobis
970 2172 1212 2213 tantundem
1235 2171 1398 2213 haurire
1417 2172 1637 2228 relinquas,

426 2240 515 2281 Cur
535 2248 606 2281 tua
626 2240 719 2295 plus
739 2238 881 2280 laudes
903 2239 1076 2280 cumeris
1097 2239 1284 2294 granaria
1303 2239 1483 2281 nostris?

423 2308 487 2349 Ut
508 2307 582 2349 tibi
603 2307 637 2348 si
658 2307 711 2348 sit
730 2321 832 2362 opus
851 2307 998 2362 liquidi
1017 2321 1100 2347 non
1120 2307 1295 2362 amplius
1315 2322 1432 2358 urna,

427 2375 505 2416 Vel
526 2375 701 2430 cyatho;
726 2383 767 2416 et
788 2374 915 2424 dicas,
937 2375 1097 2430 Magno
1118 2375 1169 2416 de
1188 2374 1358 2416 flumine
1377 2375 1555 2424 mallem,
1688 2377 1743 2417 55

374 2483 377 2487 ,
424 2445 557 2493 Quam
580 2458 631 2484 ex
649 2443 727 2484 hoc
747 2442 945 2483 fonticulo
966 2443 1206 2484 tantundem
1227 2455 1396 2482 sumere.
1455 2443 1522 2483 Eo
1540 2442 1601 2484 fit.

424 2510 592 2551 Plenior
611 2518 658 2551 ut
678 2510 813 2565 siquos
833 2510 1008 2550 delectet
1028 2508 1144 2563 copia
1155 2509 1289 2563 justo,

426 2575 533 2618 Cu'm
555 2577 644 2631 ripa
667 2577 787 2618 simul
808 2576 970 2617 avulsos
990 2577 1094 2617 ferat
1115 2575 1295 2616 Aufidus
1316 2589 1432 2616 acer:

354 2662 356 2665 ·
422 2647 481 2688 At
500 2645 571 2700 qui
592 2645 742 2687 tantuli
763 2652 855 2699 eget
875 2651 1028 2699 quanto
1047 2651 1108 2684 est
1129 2657 1247 2697 opuS,
1270 2642 1304 2683 is
1324 2656 1455 2697 neque
1474 2642 1572 2684 limo

422 2714 652 2756 Turbatam
672 2711 811 2753 haurit
830 2725 991 2767 aquam,
1013 2725 1145 2765 neque
1160 2710 1286 2751 vitam
1308 2709 1460 2751 amittit
1473 2710 1516 2751 in
1529 2711 1665 2754 undis.
1683 2711 1742 2760 ,60

421 2783 477 2822 At
498 2781 603 2823 bona
623 2795 716 2835 pars
736 2779 948 2820 hominum
969 2779 1140 2832 decepta
1161 2777 1354 2832 cupidine
1373 2777 1492 2829 falso,
