1962 3268
426 299 509 344 162
853 313 893 342 Q.
926 312 1120 340 nonA'rn
1154 312 1317 342 FLAcct

483 417 521 459 O
540 417 708 468 Lenaee,
725 417 840 473 sequi
860 414 1002 459 Deum

540 484 786 541 Cingentem
807 485 930 526 viridi
950 493 1134 540 tempora
1152 484 1359 540 pampino.

770 721 896 762 ODE
931 719 1111 762 XXVI.
1174 717 1244 770 (M.
1277 722 1393 775 xm.)

914 824 976 851 An
1008 820 1249 867 vmfflmm.

482 913 590 953 V1x1
611 911 759 966 puellis
779 925 911 965 nuper
930 910 1116 959 idoneus,

480 980 541 1020 Et
560 978 736 1019 militavi
754 992 837 1018 non
858 977 945 1018 sine
965 977 1119 1031 gloria;

537 1048 579 1088 Ν
582 1060 662 1087 unc
682 1060 793 1087 arma
812 1044 1133 1100 defunctumque
1152 1043 1260 1086 bello

595 1113 794 1155 Barbiton
815 1113 884 1154 hic
904 1112 1035 1168 paries
1056 1111 1239 1163 habebit,

481 1182 659 1223 Laevum
680 1182 848 1224 marinae
869 1181 940 1236 qui
961 1180 1131 1222 Veneris
1150 1180 1259 1222 latus

480 1249 689 1291 Custodit.
750 1249 851 1299 Hie,
871 1248 941 1289 hic
960 1248 1100 1303 ponite
1120 1247 1258 1289 lucida

537 1317 716 1359 Funalia
736 1325 777 1358 et
800 1324 936 1357 vectes
952 1324 993 1357 et
1014 1330 1132 1356 arcus

594 1384 806 1439 Oppositis
825 1383 982 1424 foribus
1003 1382 1196 1423 minaces.

479 1454 517 1495 Ο
539 1467 630 1507 quae
651 1453 815 1494 beatum
837 1450 951 1492 Diva
971 1458 1084 1490 tenes
1107 1451 1292 1503 Cyprum
1315 1455 1357 1490 et

477 1519 701 1575 Memphin
722 1526 924 1560 carentem
945 1516 1135 1558 Sithonia
1154 1516 1252 1557 nive

537 1584 717 1639 Regina,
739 1582 906 1625 sublimi
925 1581 1088 1636 flagello

594 1655 743 1708 Tange
765 1651 927 1694 Chloen
949 1649 1074 1691 semel
1089 1655 1360 1703 arrogantem.

742 1847 867 1887 ODE
912 1846 1117 1887 XXVII.
1181 1842 1254 1893 (Μ.
1274 1843 1430 1895 xvnI.)

894 1949 955 1975 AD
989 1946 1263 1975 GALATEAM.

478 2027 640 2068 Immos
662 2040 793 2080 parrae
812 2023 1031 2066 recinentis
1052 2037 1172 2064 omen

477 2095 632 2143 Ducat,
654 2100 694 2133 et
715 2106 932 2147 praegnans
952 2090 1079 2141 canis,
1100 2097 1171 2131 aut
1192 2086 1243 2130 ab
1263 2102 1360 2142 agro

476 2162 596 2202 Rava
617 2160 834 2201 decurrens
853 2159 953 2213 lupa
975 2157 1211 2207 Lanuvino,

596 2229 798 2283 Foetaque
818 2227 963 2282 vulpes
979 2242 990 2274 ;

477 2299 665 2351 Rumpat
685 2304 726 2336 et
747 2309 911 2350 serpens
932 2294 1010 2335 iter
1029 2292 1281 2341 institutum,

478 2365 523 2407 Si
543 2379 616 2419 per
636 2363 846 2418 obliquum
870 2362 1014 2404 similis
1036 2362 1197 2415 sagittae

477 2431 650 2474 Terruit
669 2445 852 2471 mannos.
911 2431 1005 2484 Ego
1026 2429 1092 2470 cui
1112 2427 1263 2469 timebo

590 2498 795 2540 Providus
815 2512 983 2551 auspex,

474 2569 706 2621 Antequam
729 2573 881 2606 stantes
901 2571 1060 2617 repetat
1079 2561 1250 2616 paludes

473 2634 675 2677 Imbrium
697 2631 840 2673 divina
860 2631 947 2672 avis
966 2629 1267 2679 imminentum,

476 2701 667 2744 Oscinem
691 2713 856 2741 corvum
880 2712 998 2753 prece
1020 2697 1227 2739 suscitabo

592 2768 702 2809 Solis
723 2768 773 2809 ab
794 2774 897 2808 ortu.

1690 483 1760 532 2⁰.

1690 1514 1746 1556 10

1685 2626 1742 2668 10
