1962 3268
387 303 472 347 198
834 314 876 344 Q.
892 314 1087 342 HORATH
1120 315 1284 343 maleel

391 414 437 456 Si
457 413 574 461 dixi;
608 413 754 464 Rides,
775 413 848 464 ait,
869 421 911 455 et
930 415 960 454 J
963 413 1051 455 ovis
1071 413 1236 456 auribus
1257 415 1336 455 ista

391 482 560 522 Servas:
593 479 685 521 fidis
706 479 815 521 enim
835 494 1000 523 manare
1019 481 1180 536 poetica
1198 481 1320 523 mella

389 548 457 588 Te
477 547 622 598 solum,
645 547 721 589 tibi
741 547 928 602 pulcher.
987 549 1062 590 Ad
1080 548 1172 591 haec
1192 563 1268 604 ego
1287 548 1453 591 naribus
1473 549 1537 592 uti

388 613 608 655 Formido:
642 622 697 664 et,
718 614 914 657 luctantis
933 624 1054 658 acuto
1073 631 1125 658 ne
1142 631 1252 658 secer
1274 617 1420 672 ungui,

387 681 594 737 Displicet
610 681 687 723 iste
706 682 834 733 locus,
856 683 1001 735 clamo,
1022 692 1064 726 et
1083 684 1243 727 diludia
1262 700 1398 741 posco.

388 750 537 790 Ludus
557 750 664 791 enim
680 750 825 805 genuit
844 751 1050 806 trepidum
1071 765 1278 795 certamen
1298 762 1339 796 et
1358 753 1476 804 iram,

389 818 461 859 Ira
482 825 614 859 truces
633 817 870 860 inimicitias
890 826 931 860 et
949 819 1122 862 funebre
1140 821 1307 863 bellum.

814 1059 1132 1102 EPISTOLA
1163 1060 1275 1102 XX.

827 1180 891 1207 AD
922 1179 1098 1207 LIBRUM
1131 1179 1264 1207 SUUM·

387 1281 691 1322 VERTUMNUM
711 1279 742 1319 J
744 1292 963 1333 anumque,
980 1278 1100 1329 liber,
1121 1286 1303 1333 spectare
1323 1277 1501 1328 videris;

389 1348 555 1390 Scilicet
574 1355 621 1389 ut
641 1354 797 1402 prostes
820 1346 1025 1387 Sosiorum
1047 1346 1209 1401 pumice
1228 1347 1421 1388 mundus.

389 1415 528 1458 Odisti
548 1414 696 1464 claves,
713 1421 754 1455 et
773 1421 888 1468 grata
909 1412 1044 1467 sigilla
1062 1413 1212 1468 pudico
1229 1430 1237 1455 :

388 1483 540 1526 Paucis
560 1481 720 1523 ostendi
739 1481 883 1536 gemis,
905 1488 945 1521 et
965 1480 1197 1521 communia
1214 1481 1374 1532 laudas,

386 1554 483 1595 Non
503 1552 562 1593 ita
581 1549 775 1592 nutritus.
834 1549 954 1604 Fuge
974 1562 1054 1603 quo
1074 1548 1318 1590 descendere
1333 1546 1481 1603 g'estis:

385 1621 483 1662 Non
504 1619 581 1660 erit
600 1617 746 1659 emisso
764 1615 920 1658 reditus
941 1615 1047 1657 tibi.„
1090 1615 1201 1666 Quid
1219 1615 1343 1657 miser
1361 1616 1461 1671 egi?

385 1687 498 1738 Quid
517 1685 664 1727 volui?
695 1684 819 1732 dices,
840 1683 912 1725 ubi
932 1683 1033 1738 quid
1053 1691 1094 1725 te
1114 1683 1278 1735 laeserit,
1300 1693 1341 1726 et
1361 1684 1439 1726 scis

385 1755 439 1795 In
460 1755 582 1795 breve
598 1761 637 1794 te
658 1752 764 1806 cogi,
783 1751 929 1806 plenus
950 1765 1042 1792 cum
1062 1751 1232 1806 languet
1247 1761 1414 1795 amator.

383 1822 505 1872 Quod
525 1820 560 1861 si
579 1835 662 1861 non
682 1819 775 1861 odio
795 1818 1000 1874 peccantis
1021 1818 1171 1874 desipit
1191 1834 1336 1875 augur,

385 1890 519 1930 Carus
538 1887 616 1928 eris
637 1888 801 1936 Romae,
822 1887 952 1927 donec
974 1894 1014 1928 te
1030 1887 1190 1928 deserat
1205 1895 1318 1930 aetas.

383 1957 671 1998 contrectatus
691 1954 762 1994 ubi
782 1953 969 1994 manibus
990 1955 1219 1995 sordescere
1238 1955 1353 2009 vulgi

383 2022 584 2078 Coeperis,
605 2029 677 2063 aut
697 2021 827 2062 tineas
846 2034 985 2074 pasces
1006 2021 1232 2062 taciturnus
1252 2022 1416 2072 inertes,

384 2092 472 2132 Aut
491 2089 623 2144 fugies
645 2088 832 2139 Uticam,
853 2095 924 2128 aut
939 2086 1102 2128 vinctus
1122 2088 1295 2130 mitteris
1314 2090 1506 2132 Ilerdam.

383 2158 558 2199 Ridebit
577 2155 756 2197 monitor
775 2169 859 2196 non
879 2154 1095 2196 exauditus
1111 2171 1123 2203 ;
1155 2163 1202 2196 ut
1221 2156 1292 2197 ille

386 2226 470 2278 Qui
489 2224 595 2266 male
610 2231 820 2279 parentem
840 2222 883 2263 in
903 2237 1024 2278 rupes
1044 2223 1240 2278 protrusit
1259 2225 1430 2266 asellum

385 2295 524 2335 Iratus
541 2308 550 2333 :
583 2291 675 2347 quis
695 2290 804 2332 enim
824 2289 1001 2331 invitum
1017 2305 1176 2332 servare
1195 2291 1382 2334 laboret?

385 2363 482 2403 Hoc
502 2374 662 2415 quoque
683 2367 723 2399 te
742 2366 894 2407 manet,
914 2366 963 2399 ut
981 2372 1128 2412 pueros
1148 2359 1348 2402 elementa
1363 2362 1574 2406 docentem

377 2429 574 2482 ⁸Occupet
595 2425 788 2467 extremis
808 2425 849 2466 in
870 2425 971 2466 vicis
990 2425 1110 2468 balba
1129 2435 1328 2469 senectus.

388 2496 494 2537 Cum
516 2494 592 2535 tibi
608 2493 668 2534 sol
686 2492 849 2548 tepidus
865 2493 1001 2547 plures
1021 2493 1248 2536 admoverit
1268 2510 1398 2547 aureS‚

386 2562 461 2602 Me
482 2560 673 2601 libertino
693 2568 835 2601 natum
856 2567 971 2614 patre
992 2568 1032 2602 et
1051 2561 1095 2601 in
1116 2562 1228 2603 tenui
1248 2577 1292 2604 re

356 2653 359 2657 ·
386 2629 567 2683 Majores
587 2642 742 2682 pennas
765 2627 862 2668 nido
883 2626 1113 2668 extendisse
1133 2628 1333 2682 loqueris;

386 2698 452 2739 Ut
471 2703 669 2751 quantum
689 2693 829 2748 generi
848 2694 1002 2745 demas,
1024 2694 1245 2737 virtutibus
1266 2697 1415 2740 addas:

1652 552 1710 593 45

1647 1893 1702 1932 10

1646 2218 1740 2271 15'
