1962 3268
349 260 351 262 ,
909 254 923 268 .

340 279 424 320 142
800 298 840 327 Q,
874 297 1069 328 nonA‘rn
1105 299 1268 330 F1,Acc1

450 393 605 436 Missos
628 395 680 437 ad
701 397 855 438 Orcum
873 413 881 437 :
914 411 989 455 nec
1009 399 1169 453 peredit

514 462 756 517 Impositam
778 464 886 506 celer
904 464 1012 520 ignis
1032 465 1235 518 AEtnam3

385 527 685 572 Incontinentis
706 546 781 573 nec
802 531 923 588 Tityi
937 533 1057 588 jecur

387 595 605 652 Relinquit
626 598 725 650 ales,
750 599 944 655 nequitiae
965 602 1133 646 additus

449 664 623 707 Custos:
657 675 879 710 amatorem
900 677 1094 712 trecentae

504 732 737 776 Pirithoum
758 734 951 778 cohibent
971 746 1141 781 catenae.

740 1066 870 1111 ODE
901 1069 955 1111 V.
1016 1067 1085 1120 (M.
1118 1074 1236 1128 XIX).

384 1205 516 1247 COELo
537 1212 745 1246 tonantem
767 1204 1015 1247 credidimus
1035 1204 1067 1246 J
1070 1219 1187 1247 ovem

381 1272 600 1327 Regnare:
632 1286 812 1327 praesens
833 1271 970 1322 Divus
989 1271 1206 1314 habebitur

440 1340 670 1395 Augustus,
691 1339 863 1395 adjectis
884 1339 1098 1391 Britannis

498 1407 694 1462 Imperio,
715 1407 991 1462 gravibusque
1013 1407 1168 1449 Persis.

380 1475 561 1517 Milesne
583 1475 722 1517 Crassi
742 1474 917 1529 conjuge
935 1473 1109 1516 barbara

380 1542 538 1598 Turpis
556 1542 727 1584 maritus
748 1541 882 1583 vixit?
914 1549 955 1583 et
974 1541 1155 1583 hostium

436 1609 542 1660 (Pro
557 1610 684 1660 curia,
706 1609 938 1666 inversique
959 1610 1130 1661 moresl)

491 1677 719 1720 Consenuit
740 1692 970 1720 socerorum
992 1677 1035 1718 in
1057 1678 1180 1728 arvis,

377 1746 463 1787 Sub
483 1760 578 1801 rege
601 1744 744 1796 Medo,
767 1747 935 1788 Marsus
956 1754 997 1787 et
1020 1746 1223 1800 Appulus,

374 1813 654 1863 Anciliorum,
675 1822 717 1855 et
738 1813 928 1864 nominis,
951 1822 992 1855 et
1013 1821 1121 1868 togae

435 1880 618 1931 Oblitus,
640 1889 887 1935 aeternaeque
909 1882 1063 1931 Vestae,

489 1947 695 1989 Incolumi
715 1948 839 1997 Jove,
861 1955 903 1988 et
922 1947 1022 1987 urbe
1043 1947 1211 1988 Roma?

372 2015 469 2056 Hoc
490 2023 652 2057 caverat
671 2028 786 2056 mens
805 2013 979 2069 provida
998 2013 1168 2068 Reguli,

371 2082 665 2124 Dissentientis
686 2081 991 2123 conditionibus

426 2149 587 2200 Foedis,
609 2158 651 2191 et
671 2149 862 2203 exemplo
883 2148 1063 2190 trahenti

482 2217 712 2259 Perniciem
732 2216 901 2258 veniens
920 2216 964 2258 in
985 2230 1147 2264 aevum3

367 2285 412 2327 Si
432 2300 514 2327 non
534 2285 715 2341 perirent
734 2284 1061 2336 immiserabiles‚

367 2350 546 2404 Captiva
565 2350 706 2405 pubes,
769 2348 898 2405 Signa
916 2364 994 2404 ego
1014 2350 1184 2392 Punicis

422 2416 564 2458 Affixa
584 2417 782 2467 delubris,
804 2425 845 2458 et
865 2431 978 2458 arma

382 2476 384 2480 ⁵
482 2483 695 2525 Militibus
717 2483 804 2524 sine
825 2483 952 2534 caede,
973 2483 1094 2534 dixit,

363 2551 548 2605 Derepta
568 2550 678 2591 vidi:
712 2550 797 2591 vidi
820 2565 896 2605 ego
918 2550 1070 2591 civium

360 2619 535 2659 Retorta
556 2626 669 2672 tergo
689 2617 855 2659 brachia
874 2617 1017 2671 libero,

415 2687 644 2740 Portasque
664 2700 746 2726 non
762 2685 934 2736 clausas,
955 2693 997 2727 et
1018 2698 1115 2727 arva

471 2753 611 2794 Marte
633 2752 711 2794 coli
732 2752 929 2807 populata
949 2760 1099 2794 nostro.

1597 747 1654 787 80

1582 1817 1638 1858 10

1575 2153 1628 2193 15

1568 2487 1624 2526 20
