1962 3268
631 300 886 330 SERMONUM
920 302 1009 329 Lm.
1042 301 1088 328 11.
1121 289 1162 329 8.
1507 283 1559 326 61

233 399 342 444 Cum
364 401 490 444 sacris
512 400 690 453 Cereris,
712 401 898 458 procedit
916 401 1058 442 fuscus
1081 401 1328 456 Hydaspes,

230 470 413 512 Caecuba
432 469 529 512 vina
547 461 683 512 ferens
699 486 711 518 ς
745 470 894 519 Alcon,
916 468 1088 519 Chium,
1105 469 1230 510 maris
1250 483 1408 524 expers.
1511 468 1565 508 15

230 537 319 580 Hic
338 537 489 586 herus;
523 537 754 588 Albanum,
778 537 1007 584 Maecenas,
1031 535 1118 577 sive
1139 537 1371 578 Falernum

231 606 300 648 Te
319 605 450 661 magis
469 604 669 661 appositis
689 604 882 654 delectat,
904 603 1105 645 habemus
1127 593 1362 659 utrumque.

231 673 269 721 ἹῘ
288 673 472 715 Divitias
491 672 660 715 miseras
677 675 686 714 2
722 672 805 715 Sed
826 671 943 727 queis
964 671 1224 714 coenantibus
1244 686 1343 720 una,

231 740 445 792 Fundani,
465 740 638 797 pulchre
658 740 787 783 fuerit
808 739 899 790 tibi,
920 739 1041 780 nosse
1060 739 1218 781 laboro.

232 809 270 856 ἹῘ
296 807 493 851 Summus
506 823 599 864 ego,
612 816 654 850 et
667 822 796 864 prope
809 822 875 850 me
891 807 1041 849 Viscus
1055 806 1290 858 Thurinus,
1305 815 1346 849 et
1364 806 1487 859 infra,
1510 809 1568 848 20

233 876 280 919 Si
300 875 488 927 memini,
511 876 690 925 Varius3
723 890 817 918 cum
841 875 1016 917 Servilio
1037 875 1261 919 Balatrone
1390 878 1393 880 ’

232 943 440 996 Vibidius,
457 959 560 1001 quos
583 946 796 987 Maecenas
817 944 1046 986 adduxerat
1065 944 1243 986 umbras.

231 1013 522 1055 Nomentanus
543 1021 631 1054 erat
653 1027 776 1068 super
795 1012 948 1068 ipsum,
971 1012 1142 1054 Porcius
1162 1012 1285 1063 infra,

233 1079 458 1122 Ridiculus
481 1089 586 1123 totas
607 1080 730 1122 simul
749 1081 966 1122 obsorbere
986 1080 1220 1136 placentas:

234 1149 524 1191 Nomentanus
544 1149 596 1191 ad
618 1149 712 1200 hoc,
733 1147 805 1204 qui
826 1148 963 1204 siquid
981 1148 1088 1190 forte
1107 1149 1268 1199 lateret,
1513 1151 1570 1191 25

236 1215 383 1259 Indice
403 1225 648 1263 monstraret
668 1216 802 1272 digito
820 1232 828 1257 :
861 1229 956 1257 nam
980 1224 1129 1257 caetera
1150 1216 1287 1266 turba,

235 1285 341 1335 Nos,
363 1284 546 1341 inquam,
568 1299 781 1327 coenamus
802 1298 916 1334 aves,
938 1283 1170 1339 conchylia,
1189 1283 1339 1339 pisces,

235 1353 385 1409 Longe
400 1353 642 1396 dissimilem
662 1362 761 1396 noto
782 1352 958 1395 celantia
978 1367 1171 1402 succum;

235 1422 302 1464 Ut
322 1422 389 1464 vel
409 1422 605 1465 continuo
625 1422 776 1477 patuit,
792 1436 886 1463 cum
907 1420 1084 1476 passeris
1105 1424 1231 1477 atque

237 1491 459 1546 Ingustata
479 1490 582 1532 mihi
603 1498 839 1546 porrexerat
860 1489 931 1531 ilia
949 1489 1128 1530 rhombi.
1515 1492 1573 1531 30

238 1559 341 1600 Post
360 1557 440 1600 hoc
459 1573 525 1600 me
540 1558 682 1601 docuit
702 1557 908 1600 melimela
927 1557 1073 1598 rubere
1094 1557 1292 1599 minorem

237 1626 314 1668 Ad
332 1625 472 1667 lunam
495 1626 676 1668 delecta:
709 1625 810 1681 quid
829 1625 909 1666 hoc
928 1624 1107 1675 intersit,
1129 1625 1181 1667 ab
1199 1624 1290 1680 ipso

238 1693 439 1735 Audieris
459 1693 622 1735 melius.
685 1695 799 1735 Tum
826 1692 1016 1734 Vibidius
1039 1690 1282 1746 Balatroni3

238 1762 332 1804 Nos
351 1761 431 1804 nisi
452 1762 648 1804 damnose
668 1761 863 1814 bibimus,
878 1761 1100 1803 moriemur
1119 1761 1266 1803 inulti:

236 1831 299 1872 Et
319 1829 467 1872 calices
486 1830 620 1885 poscit
641 1830 815 1886 majores
833 1846 842 1871 :
877 1837 1036 1872 vertere
1055 1830 1190 1885 pallor
1516 1833 1574 1873 35

239 1899 356 1941 Tum
376 1898 547 1954 parochi
567 1898 731 1950 faciem,
758 1898 820 1939 nil
841 1897 899 1939 sic
918 1897 1141 1939 metuentis
1162 1906 1209 1939 ut
1229 1912 1342 1940 acres

237 1967 434 2016 Potores;
468 1967 535 2009 vel
554 1967 665 2023 quod
686 1966 941 2008 maledicunt
961 1965 1145 2017 liberius,
1168 1965 1236 2008 vel

238 2035 422 2078 Fervida
440 2035 552 2092 quod
573 2035 725 2077 subtile
745 2034 970 2077 exsurdant
990 2033 1088 2076 vina
1108 2034 1305 2090 palatum.

238 2104 463 2147 Invertunt
482 2103 720 2159 Alliphanis
740 2103 900 2145 vinaria
921 2111 1008 2145 tota

238 2171 432 2214 Vibidius
453 2172 720 2226 Balatroque,
742 2171 893 2213 secutis
913 2171 1104 2213 omnibus
1121 2187 1130 2212 :
1163 2171 1238 2212 imi
1520 2175 1576 2214 40

241 2240 443 2282 Convivae
462 2240 559 2282 lecti
580 2239 758 2281 nihilum
778 2253 957 2280 nocuere
976 2238 1148 2293 lagenis.

240 2307 431 2350 Affertur
451 2307 621 2364 squillas
640 2307 749 2348 inter
768 2320 954 2348 muraena
974 2313 1164 2348 natantes

242 2376 296 2418 In
309 2375 452 2432 patina
464 2383 663 2431 porrecta.
726 2374 814 2416 Sub
833 2373 913 2415 hoc
932 2373 1073 2425 herus,
1090 2375 1200 2416 Haec
1218 2375 1406 2430 gravida,
1426 2377 1576 2434 inquit,

241 2443 376 2499 Capta
396 2451 474 2494 est,
494 2442 672 2485 deterior
692 2450 785 2498 post
805 2450 968 2498 partum
991 2456 1113 2484 carne
1131 2442 1286 2486 futura.

239 2511 324 2552 His
344 2510 510 2553 mistum
521 2510 594 2566 jus
615 2519 691 2561 est,
713 2509 819 2560 oleo,
840 2510 952 2566 quod
971 2510 1106 2565 prima
1128 2512 1298 2555 Venafri
1523 2518 1578 2559 45

240 2579 399 2621 Pressit
419 2579 548 2629 cella;
581 2594 681 2635 garo
700 2579 752 2620 de
773 2578 906 2620 succis
925 2578 1051 2634 piscis
1075 2579 1188 2622 Iberi
1206 2597 1218 2630 ;

239 2646 348 2688 Vino
368 2646 640 2703 quinquenni,
662 2661 804 2689 verum
827 2646 931 2689 citra
951 2649 1063 2690 mare
1081 2656 1195 2699 nato,

237 2715 355 2756 Dum
376 2715 565 2771 coquitur
587 2713 724 2766 (cocto
746 2715 902 2758 Chium
925 2715 984 2758 sic
1005 2716 1214 2769 convenit,
1230 2727 1278 2760 ut
1298 2733 1382 2761 non

238 2783 336 2825 Hoc
356 2782 489 2837 magis
510 2783 642 2825 ullum
662 2783 822 2834 aliud);
856 2783 1000 2839 pipere
1020 2784 1130 2835 albo,
1151 2799 1234 2827 non
1256 2786 1344 2829 sine
1364 2796 1494 2840 aceto,
