1962 3268
364 331 449 372 234
820 344 861 373 Q»
893 343 1088 372 flonA'ru
1121 343 1285 372 FLAccl

366 444 563 484 Narrares
585 441 775 484 medicis:
808 442 917 497 quod
936 450 1091 498 quanto
1112 442 1233 497 plura
1251 440 1420 498 parasti,

366 509 507 551 Tanto
526 510 646 564 plura
666 509 797 565 cupiS‚
818 509 976 551 nulline
995 509 1159 551 faterier
1178 510 1334 552 audes?

367 577 411 618 Si
433 577 582 618 vulnus
604 577 679 618 tibi
699 586 922 620 monstrata
941 577 1078 620 radice
1098 578 1164 619 vel
1182 577 1309 619 herba

366 645 462 686 Non
483 645 597 687 fieret
617 645 764 696 levius,
784 645 962 700 fugeres,
983 645 1120 687 radice
1140 645 1206 686 vel
1224 644 1352 687 herba
1599 644 1680 686 150

366 713 613 754 Proficiente
632 712 753 764 nihil,
775 713 981 755 curarier?
1013 712 1229 763 Audieras,
1251 712 1319 754 cui

365 780 472 820 Rem
493 779 552 820 dii
571 778 779 830 donarint,
801 780 862 821 illi
881 780 1076 822 decedere
1095 794 1262 834 pravam

369 846 621 895 stultitiam
654 855 695 888 et
714 861 807 888 cum
828 847 883 888 sis
902 846 1033 888 nihilo
1060 847 1297 902 sapientior,
1318 862 1368 888 ex
1387 862 1469 902 quo

368 913 535 955 Plenior
555 928 599 955 es
618 929 629 960 ;
663 921 801 954 tamen
822 913 947 954 uteris
967 913 1235 954 monitoribus
1255 913 1400 955 iisdem
1417 916 1434 954 ?

366 982 424 1022 At
444 980 478 1021 si
497 980 656 1021 divitiae
676 980 925 1034 prudentem
940 979 1111 1021 reddere
1130 989 1310 1034 possent,
1599 980 1682 1021 155

369 1049 413 1091 Si
435 1048 629 1103 cupidum
651 1047 923 1102 timidumque
943 1047 1078 1088 minus
1101 1054 1166 1094 te3
1198 1061 1346 1102 nempe
1366 1047 1546 1097 ruberes,

368 1116 536 1157 Viveret
554 1115 597 1156 in
618 1115 735 1156 terris
758 1122 797 1156 te
818 1114 943 1170 siquis
964 1113 1123 1156 avarior
1141 1127 1237 1155 uno.

370 1183 414 1224 Si
434 1182 642 1238 proprium
664 1190 724 1224 est
745 1182 855 1237 quod
875 1182 966 1237 quis
985 1182 1088 1223 libra
1104 1189 1305 1223 mercatus
1321 1189 1362 1222 et
1382 1196 1462 1223 aere
1493 1189 1571 1233 est,

369 1252 584 1303 Quaedam,
607 1251 641 1292 si
662 1251 793 1292 credis
815 1250 1025 1301 consultis,
1046 1248 1252 1304 mancipat
1272 1263 1369 1290 usus
1387 1265 1398 1296 3

370 1318 452 1369 Qui
473 1327 513 1359 te
532 1317 663 1372 pascit
683 1332 794 1373 ager,
826 1326 921 1358 tuus
942 1326 1027 1365 est;
1062 1325 1103 1358 et
1123 1316 1285 1358 villicus
1304 1317 1423 1367 Orbi,
1599 1315 1684 1358 160

370 1387 479 1428 Cum
501 1394 657 1441 segetes
677 1394 805 1435 occat,
824 1384 899 1426 tibi
920 1399 1014 1426 mox
1032 1384 1238 1426 frumenta
1258 1385 1440 1435 daturas,

371 1455 438 1495 Te
458 1453 667 1495 dominum
690 1452 839 1501 sentit;
873 1453 946 1493 das
965 1466 1169 1502 nummos,
1200 1441 1351 1507 accipis
1371 1466 1508 1502 uvam,

369 1522 528 1572 Pullos,
553 1535 645 1569 ova,
667 1521 813 1562 cadum
835 1519 975 1561 temeti
993 1535 1002 1560 :
1035 1534 1183 1575 nempe
1203 1520 1324 1561 modo
1343 1519 1422 1561 isto

371 1589 580 1631 Paulatim
600 1587 791 1629 mercaris
812 1601 970 1642 agrum,
991 1587 1161 1628 fortasse
1182 1587 1389 1638 trecentis,
1459 1632 1460 1635 Ἴ

370 1658 464 1699 Aut
485 1656 607 1698 etiam
629 1670 766 1710 supra,
788 1669 1049 1696 nummorum
1071 1655 1253 1696 millibus
1274 1663 1445 1696 emtum.
1601 1654 1685 1697 165

372 1724 485 1776 Quid
505 1723 643 1774 refert,
665 1723 780 1765 vivas
800 1731 1014 1765 numerato
1033 1737 1164 1778 nuper
1195 1737 1247 1764 an
1272 1722 1368 1763 olim
1388 1722 1402 1764 ?

370 1793 520 1833 Emtor
542 1790 706 1832 Aricini
727 1791 932 1846 quondam
956 1790 1141 1832 Veientis
1162 1798 1202 1831 et
1223 1789 1311 1832 arvi

371 1861 546 1901 Emtum
568 1866 705 1900 coenat
725 1859 831 1909 olus,
853 1858 1040 1914 quamvis
1062 1859 1181 1900 aliter
1201 1866 1352 1913 putat;
1385 1857 1505 1899 emtis

375 1928 462 1969 Sub
481 1935 642 1967 noctem
663 1926 843 1981 gelidam
864 1925 990 1980 lignis
1010 1926 1224 1967 calefactat
1251 1925 1459 1973 ahenum3
1508 1955 1513 1959 .

374 1994 459 2036 Sed
480 2001 598 2034 vocat
618 2007 749 2047 usque
769 2006 903 2040 suum,
926 2006 1007 2045 qua
1027 1992 1205 2046 populus
1226 1992 1359 2032 adsita
1379 1991 1499 2032 certis
1606 1988 1690 2042 170

375 2060 600 2103 Limitibus
621 2058 757 2099 vicina
783 2056 935 2112 refugit
950 2057 1115 2112 jurgia;
1149 2066 1343 2112 tanquam

375 2128 440 2170 Sit
459 2125 671 2182 proprium
691 2124 931 2180 quidquam,
958 2132 1114 2179 puncto
1132 2125 1244 2179 quod
1263 2124 1429 2166 mobilis
1449 2123 1577 2174 horae,

375 2197 499 2237 Nunc
520 2207 653 2249 prece,
674 2206 784 2233 nunc
805 2191 951 2246 preti0‚
974 2206 1083 2233 nunc
1103 2192 1159 2242 vi,
1181 2206 1291 2233 nunc
1311 2199 1418 2233 sorte
1440 2205 1646 2247 suprema,

376 2264 591 2304 Permutet
611 2260 811 2308 dominos,
832 2268 874 2301 et
894 2259 1012 2301 cedat
1032 2259 1075 2300 in
1097 2260 1225 2302 altera
1238 2261 1348 2316 jura.

350 2320 353 2323 ⁶
378 2330 447 2373 Sic
466 2329 563 2385 quia
582 2335 804 2383 perpetuus
825 2326 928 2368 nulli
951 2327 1072 2368 datur
1092 2342 1205 2378 usus,
1228 2335 1268 2369 et
1288 2327 1421 2368 haeres
1610 2325 1694 2379 175

378 2397 601 2440 Haeredem
623 2395 804 2444 alterius,
826 2395 940 2437 velut
960 2395 1072 2437 unda
1091 2395 1327 2450 supervenit
1339 2395 1516 2442 undam;

378 2464 490 2516 Quid
505 2463 585 2505 vici
605 2463 790 2518 prosunt,
811 2470 883 2504 aut
902 2462 1077 2504 horrea?
1108 2463 1259 2518 quidve
1281 2462 1469 2504 Calabris

380 2531 560 2574 Saltibus
590 2530 741 2585 adjecti
762 2529 938 2580 Lucani,
967 2529 1002 2570 si
1023 2530 1140 2571 metit
1162 2531 1296 2571 Orcus

368 2598 565 2647 *Grandia
586 2611 678 2638 cum
699 2597 851 2651 parvis,
878 2611 960 2637 non
981 2597 1195 2639 exorabilis
1216 2599 1347 2638 auro?

381 2666 593 2715 Gemmas,
613 2679 803 2714 marmor,
824 2665 939 2714 ebur,
961 2664 1181 2718 Tyrrhena
1202 2664 1351 2718 sigilla,
1374 2665 1557 2715 tabellas,
1610 2666 1694 2707 180

379 2735 631 2788 Argentum,
653 2740 786 2773 vestes
809 2731 978 2773 Gaetulo
999 2731 1152 2773 murice
1173 2731 1336 2785 tinctas,

383 2803 488 2842 Sunt
509 2799 579 2855 qui
600 2814 679 2840 non
701 2799 893 2849 habeant,
916 2807 976 2840 est
996 2799 1066 2854 qui
1087 2814 1168 2841 non
1193 2808 1312 2842 curat·
1325 2797 1490 2843 habere.

1948 1306 1962 1462 ‘i

1944 2927 1962 3009 58:13.
1957 2859 1962 2863 .
1960 2778 1962 2794 ,-
1960 2723 1962 2736 Α.
1960 2700 1962 2702 ,
1959 2676 1962 2682 .
1942 2550 1962 2613 yfir„
1959 2515 1962 2531 Δ.
1961 2475 1962 2478 Α
1959 2388 1962 2402 -
