1962 3268
414 271 499 313 118
792 302 796 306 ·
844 285 884 315 Q.
910 284 1106 313 nonnul
1139 286 1303 315 FLAcci

446 388 449 392 ’
473 382 658 425 Divesne
676 384 811 439 prisco
830 392 952 426 natus
973 384 1024 426 ab
1045 384 1203 427 Inacho
1246 393 1248 395 ’

471 450 547 491 Nil
566 450 750 502 interest,
771 465 823 493 an
843 466 998 507 pauper
1016 459 1057 493 et
1080 451 1222 494 infima

529 517 597 559 De
615 525 740 573 gente
759 519 835 560 sub
854 518 951 560 divo
970 518 1152 570 moreris,

583 585 764 627 Victima
781 585 842 627 nil
861 584 1091 628 miserantis
1109 586 1221 628 Orci.

471 652 626 694 Omnes
645 652 788 694 eodem
809 652 1015 707 cogimur:
1036 652 1219 694 omnium

471 719 668 761 Versatur
685 734 789 762 urna
808 719 936 762 serius
957 719 1073 762 ocius

529 788 625 829 Sors
644 786 818 837 exitura,
839 795 880 829 et
900 801 975 828 nos
995 786 1039 828 in
1059 782 1258 828 aeternum

585 853 792 895 Exsilium
813 852 1054 907 impositura
1074 853 1244 907 cymbae.

811 1001 938 1042 ODE
971 1001 1048 1042 IV.
1085 999 1155 1049 (M.
1178 1003 1333 1056 xvm.)

755 1103 816 1130 AD
858 1103 1111 1131 XANTHIAM
1158 1104 1387 1132 PHOCEUM.

470 1168 544 1209 NE
566 1167 619 1209 sit
640 1167 800 1209 ancillae
825 1167 901 1209 tibi
922 1181 1035 1210 amor
1054 1169 1217 1224 pudori,

469 1234 657 1277 Xanthia
679 1233 875 1283 Phoceu‘3
898 1234 1012 1290 prius
1031 1235 1274 1277 insolentem

470 1302 596 1344 Serva
616 1301 771 1343 Briseis
790 1301 911 1343 niveo
932 1302 1065 1343 colore

641 1367 782 1411 Movit
808 1367 1019 1410 Achillem
1038 1383 1047 1409 ε
1171 1421 1175 1424 q

470 1432 611 1476 Movit
631 1434 800 1489 Ajacem
822 1434 1051 1476 Telamone
1071 1444 1215 1477 natum

469 1502 623 1543 Forma
642 1501 816 1555 captivae
841 1501 1052 1542 dominum
1076 1503 1335 1561 Tecmessae:

469 1568 584 1610 Arsit
603 1568 770 1610 Atrides
791 1568 926 1610 medio
945 1568 989 1610 in
1009 1569 1219 1624 triumpho

640 1635 811 1690 Virgine
831 1643 949 1690 rapta
965 1652 977 1685 ;
1090 1626 1093 1630 ¹

470 1703 664 1745 Barbarae
683 1712 900 1758 postquam
921 1703 1103 1745 cecidere
1131 1712 1278 1746 turmae

471 1769 675 1811 Thessalo
694 1769 862 1820 victore,
884 1778 926 1811 et
944 1770 1132 1813 ademtus
1153 1772 1312 1814 Hector

472 1836 668 1878 Tradidit
693 1836 810 1878 fessis
829 1837 984 1879 leviora
1004 1838 1094 1879 tolli

642 1904 845 1957 Pergama
866 1904 1019 1945 Graiis.

471 1971 513 2012 N
516 1969 642 2012 eseias
662 1984 715 2011 an
737 1978 776 2011 te
792 1984 989 2025 generum
1009 1971 1119 2012 beati

473 2036 682 2092 Phyllidis
702 2036 820 2079 flavae
841 2038 1032 2079 decorent
1052 2047 1263 2093 parentes:

472 2104 655 2160 Regium
675 2113 783 2146 certe
802 2119 946 2159 genus,
968 2113 1009 2146 et
1027 2113 1196 2160 penates

645 2172 802 2214 Moeret
820 2171 993 2227 iniquos.

474 2241 610 2283 Crede
629 2254 714 2281 non
732 2239 846 2281 illam
867 2239 945 2280 tibi
964 2240 1016 2281 de
1036 2240 1206 2282 scelesta

474 2308 605 2350 Plebe
624 2307 815 2349 dilectam
831 2323 843 2358 ;
872 2321 1005 2362 neque
1024 2307 1082 2349 sic
1100 2307 1279 2360 fidelem,

476 2376 545 2418 Sic
563 2376 678 2417 lucro
697 2388 879 2416 aversam
898 2374 1079 2429 potuisse
1098 2375 1211 2416 nasci

646 2442 785 2483 Matre
805 2442 1012 2496 pudenda.

476 2508 655 2551 Brachia
674 2516 715 2550 et
735 2509 896 2550 vultum
919 2516 1145 2562 teretesque
1167 2523 1281 2551 suras

477 2571 647 2632 Integer
664 2575 810 2617 laudo:
842 2575 940 2629 fuge
960 2574 1171 2629 suspicari,

477 2643 609 2698 Cujus
628 2649 817 2684 octavum
838 2641 1059 2696 trepidavit
1078 2649 1177 2684 aetas

649 2708 851 2750 Claudere
870 2708 1057 2750 lustru-m.

1678 1775 1734 1816 10

1679 2109 1735 2151 15
