1962 3268
674 318 928 346 CARMINUM
961 317 1050 345 mn.
1076 316 1148 344 111.
1171 304 1243 344 30.

400 421 564 466 Virtute
584 436 650 464 me
670 422 850 473 involvo,
871 422 1122 476 probamque

454 490 702 546 Pauperiem
724 490 811 531 sine
831 490 928 530 dote
947 503 1100 543 quaero.

339 560 436 601 Non
457 567 519 600 est
539 572 692 607 meum,
714 557 748 598 si
769 556 929 612 mugiat
949 556 1108 598 Africis

341 626 486 669 Malus
506 625 711 682 procellis,
733 625 787 667 ad
806 624 975 666 miseras
996 639 1136 680 preces

395 694 627 736 Decurrere
647 702 689 736 et
709 693 816 735 votis
836 692 1003 749 pacisci,

457 763 526 805 Ne
547 762 716 818 Cypriae
739 762 967 818 Tyrioeque
988 775 1142 802 merces

337 831 508 875 Addant
528 846 650 874 avaro
670 830 838 873 divitias
859 829 961 872 mari
980 845 988 870 :

339 902 454 944 Tum
477 915 541 943 me
561 900 728 943 biremis
748 899 941 955 praesidio
963 895 1125 953 scaphae

398 971 559 1012 Tutum
580 984 654 1025 per
675 968 847 1024 AEgaeos
869 967 1072 1010 tumultus

453 1039 567 1080 Aura
586 1038 704 1089 feret,
725 1037 996 1093 geminusque
1019 1035 1183 1077 Pollux.

644 1260 772 1302 ODE
816 1258 982 1300 XXX.
1045 1256 1253 1313 (M.x1V.)

340 1370 497 1412 Exnm
517 1373 831 1409 monumentum
853 1379 933 1406 aere
954 1362 1191 1420 perennius,

340 1436 575 1494 Regalique
595 1434 678 1476 situ
699 1432 972 1489 Pyramidum
995 1431 1143 1473 altius:

343 1505 467 1558 Quod
486 1519 570 1546 non
591 1502 722 1544 imber
742 1501 862 1551 edaX,
884 1514 967 1542 non
988 1499 1142 1555 Aquilo
1162 1499 1368 1555 impotens

342 1573 483 1617 Possit
502 1571 681 1621 diruere,
699 1578 770 1612 aut
790 1568 1102 1611 innumerabilis

341 1640 558 1685 Annorum
581 1639 718 1690 series,
740 1646 781 1680 et
800 1637 901 1693 fuga
922 1646 1168 1693 temporum.

343 1712 442 1754 Non
461 1708 594 1752 omnis
615 1706 778 1757 moriar,
801 1705 1013 1763 multaque
1033 1720 1129 1761 pars
1150 1705 1230 1747 mei

344 1777 505 1822 Vitabit
526 1775 772 1819 Libitinam.
833 1775 980 1830 Usque
1001 1789 1077 1830 ego
1097 1782 1262 1829 postera

343 1849 537 1891 Crescam
557 1845 682 1887 laude
701 1858 858 1895 recens,
880 1843 980 1885 dum
1003 1842 1258 1897 Capitolium

344 1915 525 1959 Scandet
545 1928 638 1957 cum
661 1912 787 1954 tacita
807 1911 967 1967 virgine
987 1909 1187 1966 pontifex.

343 1984 489 2035 Dicar,
529 1997 611 2040 qua
631 1981 789 2023 violens
811 1979 1010 2035 obstrepit
1033 1978 1226 2029 Aufidus,

343 2055 405 2097 Et
424 2067 505 2110 qua
524 2065 683 2108 pauper
705 2064 823 2107 aquae
844 2049 1023 2091 Daunus
1045 2047 1269 2104 agrestium

343 2120 557 2177 Regnavit
577 2119 838 2175 populorum,
880 2133 931 2159 ex
950 2117 1100 2158 humili
1120 2124 1281 2171 potens,

345 2190 545 2244 Princeps
565 2186 750 2228 AEolium
772 2199 936 2227 carmen
957 2185 1011 2226 ad
1034 2184 1164 2225 Italos

346 2256 581 2301 Deduxisse
600 2254 757 2296 modos.
821 2254 946 2294 Sume
961 2251 1201 2307 ‘superbiam

347 2324 574 2378 Quaesitam
598 2322 770 2373 meritis,
791 2331 833 2364 et
854 2320 957 2363 mihi
979 2319 1190 2376 Delphica

348 2396 489 2440 Lauro
510 2393 629 2449 cinge
650 2391 807 2443 volens,
832 2389 1116 2445 Melpomene,
1139 2402 1311 2431 comam.

1540 298 1625 352 167

1562 418 1619 459 55

1561 757 1618 801 60

1570 1978 1622 2019 10

1568 2322 1621 2362 15
