1962 3268
676 327 999 355 EPISTOLARUM
1033 327 1122 354 mn.
1155 328 1186 355 1.
1218 312 1286 355 16.
1564 312 1650 357 189

318 427 526 469 Nimirum
547 426 617 469 hic
635 442 712 482 ego
732 442 847 469 sum:
880 442 976 469 nam
998 435 1088 470 tuta
1108 435 1149 469 et
1169 426 1343 482 parvula
1364 425 1506 478 laudo,

318 496 428 538 Cum
447 509 512 537 res
531 494 744 545 deficiunt,
765 495 866 537 satis
886 495 995 536 inter
1013 495 1113 537 vilia
1132 495 1276 537 fortis:

320 564 473 605 Verum
495 562 566 604 ubi
587 562 688 618 quid
709 556 857 603 melius
878 562 1083 618 contingit
1103 570 1145 605 et
1163 563 1346 616 unctius,
1366 563 1478 605 idem

318 631 403 672 Vos
423 644 564 684 sapere
584 638 626 671 et
646 629 752 670 solos
773 628 839 671 aio
858 629 964 671 bene
986 629 1140 679 vivere,
1161 645 1336 685 quorum
1597 632 1653 672 45

317 697 584 754 Conspicitur
603 696 749 739 nitidis
769 696 943 739 fundata
963 698 1141 752 pecunia
1162 697 1288 739 villis.

723 947 1047 990 EPISTOLA
1108 948 1240 990 XVI.
1274 999 1277 1002 ἱ

806 1068 869 1095 ΑΙ)
902 1067 1178 1099 QUINCTIUM.

318 1169 392 1211 NE
414 1167 684 1224 perconteris,
705 1167 860 1209 fundus
882 1182 1012 1219 meus,
1034 1167 1189 1224 optime
1211 1167 1397 1219 Quincti,

316 1239 437 1279 Arvo
456 1245 599 1292 pascat
618 1236 782 1288 herum,
804 1251 858 1278 an
877 1236 1013 1278 baccis
1034 1236 1248 1292 opulentet
1269 1236 1406 1289 olivae,

317 1305 529 1356 Pomisne,
550 1319 603 1346 an
624 1304 768 1360 pratis,
792 1319 844 1346 an
865 1304 1016 1347 amicta
1035 1304 1190 1345 vitibus
1211 1304 1324 1350 ulmo
1341 1320 1350 1345 :

319 1373 530 1416 Scribetur
550 1372 627 1415 tibi
646 1372 778 1415 forma
798 1372 1041 1429 loquaciter,
1063 1380 1105 1414 et
1126 1372 1230 1414 situs
1250 1372 1353 1428 agri.

317 1440 519 1484 Continui
540 1449 716 1491 montes,
736 1440 818 1482 nisi
838 1440 1113 1482 dissocientur
1132 1455 1260 1496 opaca
1628 1446 1655 1485 5

317 1509 464 1558 Valle;
498 1509 571 1568 sed
592 1516 640 1550 ut
661 1509 832 1550 veniens
853 1509 1043 1550 dextrum
1066 1509 1175 1550 latus
1196 1509 1370 1565 aspiciat
1393 1510 1480 1562 Sol,

318 1578 497 1620 Laevum
520 1577 724 1619 decedens
745 1592 868 1619 curru
887 1577 1075 1633 fugiente
1095 1587 1278 1632 vaporet.

319 1645 585 1702 Temperiem
606 1638 763 1688 laudes.
825 1645 939 1698 Quid
958 1646 993 1688 si
1014 1646 1245 1688 rubicunda
1264 1646 1442 1702 benigne

320 1716 460 1758 Corna
479 1728 625 1771 vepres
645 1722 687 1756 et
706 1729 842 1770 pruna
860 1715 999 1757 ferunt
1016 1717 1033 1756 ?
1066 1715 1100 1756 si
1121 1729 1295 1771 quercus
1316 1724 1358 1757 et
1377 1715 1461 1757 ilex

318 1783 462 1825 Multa
479 1782 600 1839 fruge
620 1798 761 1839 pecuS‚
780 1783 911 1825 multa
931 1783 1144 1825 dominum
1158 1783 1283 1838 juvat
1303 1785 1448 1827 umbra
1464 1788 1482 1825 ?
1601 1785 1658 1826 10

319 1851 450 1895 Dicas
471 1852 698 1895 adductum
719 1851 889 1908 propius
907 1851 1099 1894 frondere
1121 1853 1366 1894 Tarentum.

319 1921 435 1963 Fons
456 1920 582 1963 etiam
602 1921 692 1963 rivo
712 1921 812 1963 dare
831 1935 983 1962 nomen
1003 1920 1192 1970 idoneus,
1214 1928 1261 1962 ut
1291 1935 1369 1962 nec

319 1988 532 2044 Frigidior
553 1988 780 2040 Thracam,
801 2003 879 2030 nec
899 1988 1040 2044 purior
1059 1988 1214 2030 ambiat
1237 1988 1432 2037 Hebrus3

321 2056 496 2099 Infirmo
516 2056 644 2113 capiti
664 2056 758 2098 fluit
778 2056 908 2108 utilis,
930 2055 1044 2097 utilis
1065 2056 1171 2098 alvo.

320 2125 406 2167 Hae
425 2125 597 2168 latebrae
618 2125 776 2176 dulces,
791 2125 931 2176 etiam,
949 2124 983 2165 si
1004 2125 1153 2175 credis,
1175 2139 1366 2176 amoenae,
1602 2125 1657 2166 15

321 2193 580 2236 Incolumem
603 2194 679 2236 tibi
699 2208 765 2235 me
785 2201 986 2248 praestant
1009 2193 1319 2247 Septembribus
1338 2192 1465 2234 horis.

321 2261 397 2302 Tu
415 2270 526 2303 recte
545 2261 668 2313 vivis,
691 2260 726 2302 si
746 2275 864 2303 curas
885 2275 972 2302 esse
992 2260 1104 2316 quod
1124 2260 1243 2302 audis
1261 2277 1269 2301 :

320 2329 351 2370 J
354 2336 538 2370 actamus
551 2328 801 2384 jampridem
822 2327 956 2370 omnis
977 2337 1018 2370 te
1039 2329 1176 2370 Roma
1195 2329 1394 2380 beatum}

321 2397 406 2440 Sed
427 2411 570 2439 vereor
589 2412 643 2439 ne
663 2396 731 2439 cui
752 2396 804 2439 de
825 2404 866 2439 te
886 2396 981 2452 plus
1002 2411 1125 2452 quam
1147 2396 1225 2438 tibi
1246 2397 1404 2448 credas,

320 2466 439 2508 Neve
458 2474 582 2522 putes
601 2465 727 2507 alium
751 2465 937 2521 sapiente
957 2465 1146 2520 bonoque
1165 2465 1349 2516 beatum,
1602 2469 1659 2509 20

318 2533 431 2585 Neu,
454 2533 489 2576 si
509 2542 550 2576 te
570 2533 750 2590 populus
770 2548 915 2575 sanum
935 2542 1127 2589 recteque
1150 2532 1357 2575 valentem

319 2601 514 2653 Dictitet,
539 2601 740 2644 occultam
762 2601 916 2644 febrem
938 2602 1016 2643 sub
1036 2610 1198 2657 tempus
1219 2602 1369 2644 edendi

324 2667 589 2723 Dissimules,
611 2669 742 2711 donec
762 2670 952 2712 manibus
974 2678 1126 2711 tremor
1146 2669 1304 2713 incidat
1323 2670 1473 2712 unctis.

325 2738 605 2779 stum-onum
626 2737 815 2781 incurata
834 2739 968 2794 pudor
988 2738 1124 2780 malus
1145 2738 1284 2782 ulcera
1304 2739 1423 2782 celat.

326 2805 466 2862 Siquis
484 2805 596 2848 bella
615 2804 692 2847 tibi
713 2814 821 2848 terra
841 2815 1026 2861 pugnata
1046 2806 1230 2861 marique
1602 2807 1658 2847 25
