1962 3268
426 294 513 334 208
859 309 900 339 Q.
932 310 1143 338 HORATII·
1162 311 1325 340 FLAce1

536 411 762 466 Utcunque
781 410 965 454 defecere
986 427 1132 465 mores,

594 479 842 520 Indecorant
861 480 965 522 bene
984 489 1080 523 nata
1100 482 1247 538 culpae.

478 544 591 595 Quid
610 545 772 596 debeas,
795 547 832 588 O
854 548 1004 598 Roma,
1028 550 1278 602 NeronibuS,

477 612 618 654 Testis
639 614 876 655 Metaurum
897 614 1064 668 flumen,
1085 626 1126 659 et
1146 619 1356 660 Asdrubal

531 680 748 731 Devictus,
770 689 810 723 et
829 682 1002 736 pulcher
1015 685 1169 740 fugatis

590 748 670 789 Ille
690 748 777 790 dies
798 749 923 791 Latio
943 752 1136 804 tenebris,

473 814 556 865 Qui
575 815 731 870 primus
752 816 859 858 alma
879 817 969 859 risit
989 820 1152 869 adorea,

472 882 602 923 Dirus
622 896 694 936 per
714 884 834 924 urbes
856 884 961 925 Afer
979 893 1028 926 ut
1050 887 1194 936 Italas,

527 949 618 990 Ceu
638 949 802 991 flamma
821 965 893 1004 per
914 951 1056 1002 taedas,
1079 953 1145 993 vel
1166 954 1306 994 Eurus

585 1018 667 1058 Per
689 1017 849 1058 Siculas
870 1018 1069 1073 equitavit
1092 1021 1233 1061 undas.

470 1084 572 1125 Post
590 1082 669 1124 hoc
690 1084 879 1126 secundis
898 1100 1030 1141 usque
1050 1086 1257 1129 laboribus

468 1151 658 1192 Romana
678 1151 806 1206 pubes
827 1152 981 1202 crevit;
1015 1162 1056 1195 et
1075 1154 1203 1210 impio

523 1219 696 1260 Vastata
717 1220 940 1261 Poenorum
963 1222 1143 1263 tumultu

579 1286 697 1327 Fana
716 1287 831 1328 Deos
851 1287 1030 1330 habuere
1050 1298 1205 1332 rectos:

465 1351 665 1407 Dixitque
684 1354 847 1395 tandem
868 1355 1049 1410 perfidus
1071 1358 1272 1407 Annibal,

466 1419 606 1470 Cervi,
627 1420 816 1475 luporum
837 1423 977 1476 praeda
997 1425 1221 1478 rapacium,

525 1487 738 1528 Sectamur
757 1488 866 1530 ultro
886 1504 988 1544 quos
1010 1490 1170 1545 opimus

579 1554 741 1596 Fallere
762 1564 803 1597 et
824 1556 1003 1612 effugere
1024 1565 1084 1599 est
1106 1560 1351 1615 triumphus.

464 1621 594 1672 Gens,
616 1637 709 1677 quae
729 1632 907 1666 cremato
925 1625 1042 1667 fortis
1063 1627 1114 1667 ab
1134 1627 1215 1669 Ilio

460 1691 490 1730 J
494 1699 627 1732 actata
649 1692 801 1733 Tuscis
821 1693 1054 1748 aequoribus
1074 1709 1186 1737 sacra

517 1758 559 1799 N
562 1766 729 1813 atosque
749 1768 1009 1816 maturosque
1029 1770 1165 1816 patres

570 1827 748 1869 Pertulit
769 1829 979 1870 Ausonias
999 1830 1052 1871 ad
1071 1831 1206 1881 urbes,

456 1893 586 1934 Duris
607 1903 654 1935 ut
674 1895 756 1936 ilex
777 1904 894 1938 tonsa
914 1896 1161 1951 bipennibus

457 1960 602 2014 Nigrae
622 1961 746 2003 feraci
765 1962 922 2004 frondis
943 1963 986 2004 in
1007 1965 1176 2018 Algido,

513 2029 596 2069 Per
615 2028 778 2079 damna,
800 2043 872 2083 per
893 2030 1040 2080 caedes,
1063 2031 1114 2071 ab
1134 2031 1223 2085 ipso

569 2095 700 2136 Ducit
720 2110 816 2150 opes
836 2096 1098 2152 animumque
1116 2097 1235 2139 ferro.

456 2163 553 2203 Non
576 2163 727 2217 Hydra
747 2171 857 2205 secto
877 2178 1043 2218 corpore
1062 2164 1217 2206 firmior

454 2230 576 2271 Vinci
596 2230 803 2272 dolentem
825 2231 953 2273 crevit
972 2232 1015 2272 in
1041 2233 1263 2274 Herculem
1283 2250 1295 2281 3

511 2298 799 2340 Monstrumve
820 2299 1057 2341 summisere
1079 2300 1225 2342 Colchi

566 2366 724 2421 Majus,
743 2366 1014 2408 Echioniaeve
1031 2367 1206 2408 Thebae.

451 2433 611 2475 Merses
631 2434 849 2488 profundo,
870 2434 1079 2489 pulchrior
1099 2435 1257 2477 evenit:

453 2500 647 2551 Luctere‚
670 2501 800 2542 multa
820 2510 985 2555 proruet
1005 2501 1211 2556 integrum

473 2572 477 2575 '
510 2570 617 2608 Cum
640 2568 761 2608 laude
781 2568 992 2618 victorem,
1009 2578 1202 2623 geretque

565 2635 720 2676 Proelia
741 2635 983 2689 conjugibus
1004 2636 1219 2689 loquenda.

450 2701 693 2756 Carthagini
706 2701 794 2756 jam
814 2715 896 2742 non
917 2716 992 2756 ego
1012 2702 1178 2743 nuntios

449 2769 618 2810 Mittam
642 2770 860 2824 superbos:
894 2769 1058 2821 occidit,
1080 2770 1228 2811 occidit

1680 1094 1736 1134 45

1674 1431 1730 1470 50

1666 2099 1723 2141 60
