1962 3268
0 356 2 365 ⁴
0 299 6 331 -v-
0 275 9 287 .-
0 147 7 252 -vv-<
0 83 12 132 -Jq,
0 0 13 25 ,ἲ

648 348 973 378 EPISTOLARUM
1006 347 1096 375 ΜΒ.
1128 346 1179 374 11.
1211 332 1250 372 2.
1533 329 1614 370 231

283 448 386 492 Post
400 449 494 492 haec
515 449 586 492 ille
602 457 734 501 catus,
760 446 1026 505 quantumvis
1046 445 1241 496 rusticus,
1265 444 1368 495 Ibit,

288 517 376 560 Ibit
394 533 442 561 eo
457 533 539 575 quo
559 518 637 570 vis,
658 518 729 574 qui
746 531 889 559 zonam
904 514 1104 571 perdidit,
1130 513 1280 570 inquit.
1563 511 1619 552 40

287 586 436 628 Romae
450 586 600 629 nutriri
620 585 723 628 mihi
745 584 921 641 contigit
942 591 1066 639 atque
1084 581 1236 632 doceri,

287 654 428 696 Iratus
445 655 588 698 Graiis
607 662 810 710 quantum
829 652 1038 695 nocuisset
1057 649 1244 692 Achilles
1262 664 1271 688 :

285 721 488 777 Adjecere
502 722 626 763 bonae
638 721 764 777 paulo
785 721 880 775 plus
899 720 999 762 artis
1020 717 1227 765 Athenae;

287 787 454 831 Scilicet
474 796 522 830 ut
540 802 703 844 possem
725 801 851 830 curvo
871 786 1113 842 dignoscere
1134 791 1310 833 rectum,

283 857 422 912 Atque
437 855 545 899 inter
560 855 698 912 sylvas
717 854 917 902 Academi
937 868 1121 910 quaerere
1137 866 1295 894 verum.
1560 849 1615 889 45

283 925 405 966 Dura
427 925 502 967 sed
521 939 708 967 emovere
723 923 813 965 loco
830 937 895 964 me
913 930 1098 977 tempora
1118 929 1236 976 grato
1253 936 1265 968 ;

286 991 517 1048 Civilisque
536 993 679 1034 rudem
700 991 800 1033 belli
816 990 914 1032 tulit
934 997 1060 1031 aestus
1082 988 1125 1030 in
1143 1002 1270 1038 arma,

286 1059 463 1102 Caesaris
482 1059 664 1115 Augusti
684 1073 768 1101 non
783 1073 1030 1114 responsura
1051 1056 1229 1099 lacertis.

285 1126 414 1168 Unde
434 1126 557 1169 simul
577 1127 755 1183 primum
773 1141 838 1168 me
854 1126 1048 1168 dimisere
1070 1125 1276 1181 Philippi,

285 1193 450 1236 Decisis
466 1194 664 1237 humilem
685 1194 848 1250 pennis,
869 1193 1118 1250 inopemque
1134 1193 1298 1250 paterni
1562 1192 1619 1232 50

286 1263 347 1304 Et
361 1262 458 1304 laris
479 1260 520 1305 et
535 1263 670 1312 fundi,
687 1271 908 1319 paupertas
928 1263 1096 1318 impulit
1116 1262 1254 1305 audax

285 1331 351 1373 Ut
375 1345 517 1373 versus
536 1331 739 1374 facerem:
772 1331 860 1381 sed,
881 1331 993 1387 quod
1012 1345 1096 1372 non
1118 1330 1240 1381 desit,
1265 1328 1490 1371 habentem

287 1399 394 1450 Quae
413 1406 609 1455 poterunt
629 1413 811 1455 unquam
832 1399 931 1440 satis
952 1413 1182 1455 expurgare
1203 1398 1368 1450 cicutae,

286 1468 346 1511 Ni
365 1468 513 1510 melius
533 1468 711 1510 dormire
736 1475 878 1522 putem
900 1482 1023 1523 quam
1046 1467 1223 1509 scribere
1245 1482 1389 1509 versus
1407 1470 1425 1507 ?

286 1537 463 1593 Singula
482 1537 534 1579 de
548 1537 668 1579 nobis
689 1535 785 1579 anni
807 1535 1046 1591 praedantur
1066 1543 1237 1584 euntes3
1564 1535 1621 1575 55

287 1605 494 1662 Eripuere
513 1605 647 1662 jocOS,
679 1618 886 1655 venerem,
908 1603 1114 1654 convivia,
1135 1603 1311 1651 ludum;

288 1675 493 1716 Tendunt
513 1682 754 1730 extorquere
777 1678 993 1728 poemata:
1026 1671 1128 1728 quid
1147 1671 1297 1714 faciam
1319 1672 1382 1713 vis
1399 1674 1417 1712 ἓ

287 1742 481 1800 Denique
501 1757 582 1784 non
598 1756 739 1784 omnes
760 1742 903 1784 eadem
925 1741 1127 1783 mirantur
1147 1748 1369 1796 amantque
1387 1756 1395 1780 :

287 1811 484 1854 Carmine
504 1819 551 1853 tu
570 1811 752 1866 gaudes;
786 1809 855 1851 hic
876 1810 1105 1852 delectatur
1128 1808 1284 1851 Iambis
1301 1825 1313 1857 ;

289 1880 371 1922 Ille
392 1879 562 1921 Bioneis
583 1878 855 1929 sermonibus,
877 1887 918 1919 et
940 1877 1024 1920 sale
1044 1876 1176 1932 nigro.
1565 1873 1623 1916 60

289 1950 398 1991 Tres
419 1947 523 1990 mihi
544 1947 732 1990 convivae
752 1961 880 2002 prope
900 1945 1117 1988 dissentire
1139 1944 1348 1996 videntur,

287 2017 512 2058 Poscentes
533 2014 647 2056 vario
667 2014 846 2056 multum
867 2014 1031 2056 diversa
1050 2013 1204 2068 palato.

288 2084 402 2136 Quid
422 2084 515 2126 dem
534 2085 551 2125 P
582 2082 684 2139 quid
703 2097 787 2124 non
808 2082 901 2124 dem
919 2084 937 2123 Ρ
968 2082 1107 2124 renuis
1129 2089 1190 2132 tu,
1213 2081 1325 2137 quod
1338 2081 1463 2137 jubet
1483 2080 1587 2122 alter
1604 2095 1615 2127 ς

288 2152 412 2204 Quod
431 2151 553 2207 petis,
574 2151 618 2192 id
637 2165 734 2192 sane
754 2158 817 2191 est
831 2149 1011 2190 invisum
1029 2149 1276 2204 acidumque
1292 2149 1466 2190 duobus.

289 2221 450 2262 Praeter
469 2227 633 2269 caetera,
655 2232 722 2259 me
743 2218 945 2258 Romaene
964 2222 1158 2271 poemata
1178 2230 1319 2257 censes
1563 2213 1621 2256 65

291 2287 476 2330 Scribere
494 2301 628 2343 posse,
650 2286 759 2327 inter
779 2293 841 2327 tot
861 2299 993 2335 curaS,
1024 2292 1165 2339 totque
1185 2284 1374 2326 labores?

290 2355 377 2397 Hic
397 2369 593 2411 sponsum
615 2362 750 2405 vocat,
766 2353 836 2396 hic
852 2353 1040 2395 auditum
1056 2353 1224 2408 scripta,
1246 2352 1400 2394 relictis

290 2423 496 2466 Omnibus
516 2422 685 2464 officiis:
719 2422 844 2464 cubat
868 2421 937 2463 hic
957 2421 1001 2462 in
1024 2420 1127 2463 colle
1148 2421 1329 2473 Quirini,

290 2492 379 2534 Hic
399 2499 582 2534 extremo
603 2491 646 2532 in
663 2490 873 2532 Aventino
890 2506 902 2538 ;
936 2489 1131 2532 visendus
1152 2498 1351 2546 uterque;

291 2557 520 2600 Intervalla
542 2557 657 2598 vides
677 2556 858 2598 humane
879 2556 1106 2598 commoda.
1170 2556 1207 2603 ἽῙ
1227 2556 1382 2598 Verum
1566 2555 1624 2608 70

292 2627 418 2668 Purae
438 2633 536 2667 sunt
555 2624 721 2680 plateae,
750 2623 855 2665 nihil
876 2632 923 2665 ut
943 2624 1240 2666 meditantibus
1257 2625 1406 2666 obstet.

292 2693 483 2735 Festinat
501 2693 660 2735 calidus
680 2692 804 2734 mulis
831 2693 1067 2749 gerulisque
1095 2693 1331 2742 redemtor3

293 2762 483 2816 Torquet
501 2775 612 2802 nunc
632 2760 828 2815 lapidem,
850 2775 963 2803 nunc
983 2761 1130 2816 ingens
1150 2760 1343 2803 machina
1371 2760 1532 2816 tignum
1553 2777 1562 2807 ;

295 2828 456 2871 Tristia
477 2827 655 2871 robustis
675 2827 885 2870 luctantur
905 2829 1049 2871 funera
1074 2829 1272 2883 plaustris
1292 2845 1302 2876 ;
