1962 3268
392 324 476 371 196
825 337 865 367 Q.
897 334 1095 364 HORATII
1129 335 1293 364 manem

392 439 588 481 Sedatum
610 437 776 488 celeres,
797 437 945 492 agilem
966 450 1227 492 gnavumque
1247 434 1403 477 remissi
1423 451 1434 482 3
1652 435 1710 479 90

389 506 560 548 Potores
578 505 726 561 liquidi
746 505 883 547 media
901 505 954 546 de
973 504 1065 545 luce
1086 502 1253 545 Falerni

390 574 580 616 Oderunt
599 583 783 629 porrecta
803 580 1020 628 negantem
1040 571 1212 626 pocula3
1245 570 1433 626 quamvis

389 642 624 683 Nocturnos
636 643 752 697 jures
773 649 813 682 te
831 640 1049 682 formidare
1068 653 1252 694 vapores.

387 708 523 751 Deme
543 708 759 765 supercilio
779 709 955 750 nubem:
987 707 1227 762 plerumque
1247 706 1454 747 modestus

389 777 578 833 Occupat
597 777 758 819 obscuri
777 776 968 832 speciem,
989 774 1217 816 taciturnus
1237 772 1383 815 acerbi.
1650 772 1708 815 95

389 844 507 886 Inter
527 853 674 887 cuncta
691 845 803 899 leges
824 852 865 886 et
883 841 1200 898 percunctabere
1219 841 1374 890 doctos,

386 912 483 962 'Qua
501 912 658 954 ratione
678 925 802 967 queas
822 910 1035 951 traducere
1053 907 1202 948 leniter
1220 921 1372 957 aevum,

388 979 456 1019 Ne
476 986 517 1020 te
537 977 832 1033 semper-inops
852 975 980 1030 agitet
999 982 1199 1029 vexetque
1218 973 1382 1028 cupido,

389 1045 456 1086 Ne
475 1060 602 1101 pavor
622 1053 663 1087 et
682 1059 818 1086 rerum
838 1041 1096 1085 mediocriter
1115 1041 1279 1083 utilium
1302 1055 1415 1096 spes:

388 1111 596 1155 Virtutem
618 1112 804 1155 doctrina
823 1119 954 1167 paret,
974 1116 1172 1152 naturane
1191 1109 1315 1150 donet
1332 1125 1343 1157 ;
1628 1108 1710 1148 100

390 1176 502 1227 Quid
522 1177 681 1219 minuat
702 1191 833 1228 curas,
855 1176 956 1231 quid
975 1183 1016 1216 te
1032 1174 1107 1216 tibi
1122 1174 1267 1215 reddat
1285 1173 1485 1223 amicum3

389 1244 501 1294 Quid
520 1259 622 1299 pure
643 1244 894 1299 tranquillet,
915 1242 1060 1292 honos,
1081 1256 1133 1283 an
1154 1242 1275 1283 dulce
1294 1241 1504 1292 lucellum,

387 1311 454 1351 An
476 1320 675 1353 secretum
696 1312 788 1362 iter,
810 1319 852 1352 et
870 1309 1050 1352 fallentis
1071 1308 1215 1349 semita
1235 1308 1348 1349 vitae.

387 1378 462 1419 Me
481 1378 640 1434 quoties
661 1378 792 1420 reficit
810 1377 972 1433 gelidus
993 1375 1193 1431 Digentia
1212 1375 1340 1426 rivus,

388 1446 521 1495 Quem
542 1446 744 1488 Mandela
763 1445 884 1495 bibit,
905 1458 1078 1498 rugosus
1099 1443 1254 1497 frigore
1273 1457 1420 1497 pagus,
1622 1444 1705 1485 105

387 1512 500 1562 Quid
520 1513 669 1554 sentire
689 1515 837 1568 putas?
867 1511 969 1567 quid
988 1510 1134 1560 credis,
1155 1509 1298 1559 amice,
1319 1510 1505 1564 precari?

388 1579 452 1621 Sit
472 1579 575 1621 mihi
596 1580 707 1635 quod
726 1594 837 1621 nunc
857 1587 944 1627 est3
978 1578 1100 1619 etiam
1122 1577 1257 1618 minus
1275 1592 1284 1617 ε
1317 1585 1358 1618 et
1377 1577 1480 1618 mihi
1502 1578 1638 1620 vivam

385 1647 509 1697 Quod
528 1655 712 1702 superest
731 1647 826 1697 aevi,
847 1645 983 1702 siquid
1002 1659 1212 1700 superesse
1230 1643 1375 1685 volunt
1396 1645 1472 1685 Dii
1489 1661 1498 1686 ε

387 1714 452 1755 Sit
472 1714 581 1756 bona
594 1715 788 1756 librorum
811 1722 852 1755 et
866 1713 1043 1768 provisae
1062 1711 1193 1767 frugis
1213 1711 1257 1752 in
1278 1726 1431 1753 annum

387 1780 545 1835 Copia;
578 1796 658 1823 neu
679 1781 835 1822 fluitem
857 1780 995 1822 dubiae
1015 1794 1086 1835 spe
1105 1779 1311 1835 pendulus
1324 1779 1451 1820 horae.
1614 1781 1699 1821 110

375 1848 470 1888 Sed
491 1849 588 1890 satis
609 1857 671 1890 est
689 1863 803 1890 orare
823 1850 853 1889 J
857 1862 974 1889 ovem
994 1862 1087 1903 quae
1108 1847 1234 1888 donat
1254 1854 1295 1887 et
1315 1845 1446 1887 aufert
1462 1862 1472 1887 z

383 1915 475 1956 Det
500 1915 642 1966 vitam,
664 1916 734 1957 det
754 1930 874 1969 opes:
908 1928 1071 1968 aequum
1092 1913 1150 1955 mi
1170 1914 1351 1955 animum
1372 1914 1461 1968 ipse
1480 1914 1644 1968 parabo.

796 2190 1117 2231 -EPISTOLA
1149 2190 1289 2231 XIX.

839 2305 901 2332 An
932 2304 1246 2332 MAECENATEM.

384 2399 553 2439 Pmsco
574 2395 608 2436 si
629 2390 775 2443 credis,
799 2393 1010 2433 Maecenas
1030 2391 1164 2441 docte,
1189 2389 1374 2439 Cratino,

378 2465 515 2506 'Nulla
534 2463 692 2518 placere
711 2461 799 2511 diu,
821 2474 895 2501 nec
916 2460 1053 2500 vivere
1074 2457 1253 2500 carmina
1272 2466 1456 2512 possunt,

384 2531 744 2583 Quaescribuntur
763 2542 880 2583 aquae
899 2526 1111 2582 potoribus
1129 2541 1137 2565 ε
1171 2533 1218 2581 ut
1238 2524 1344 2565 male
1363 2538 1482 2565 sanos

358 2654 360 2657 Ι
385 2598 593 2653 Ascripsit
615 2597 742 2638 Liber
765 2594 921 2650 Satyris
943 2592 1180 2646 Faunisque
1200 2595 1355 2645 poetas,

383 2668 491 2709 Vina
510 2666 594 2706 fere
615 2663 754 2705 dulces
770 2662 960 2702 oluerunt
980 2673 1099 2699 mane
1122 2659 1347 2699 Camoenae.
1671 2661 1698 2699 5

384 2733 602 2777 Laudibus
622 2730 806 2786 arguitur
826 2728 912 2769 vini
933 2727 1098 2767 vinosus
1125 2725 1327 2766 Homerus
1345 2740 1354 2764 z

383 2802 548 2844 Ennius
567 2800 655 2854 ipse
674 2805 789 2852 pater
809 2808 1016 2849 nunquam
1037 2792 1115 2834 nisi
1136 2800 1258 2847 potus
1279 2792 1330 2832 ad
1352 2805 1463 2832 arma
