1962 3268
539 309 598 336 DE
630 306 749 336 ARTE
783 308 995 345 POETICA,
1030 309 1091 336 AD
1124 309 1324 338 PISONES.

266 407 404 464 Serpit
424 407 540 450 humi
562 416 678 450 tutus
697 408 869 450 nimium
890 425 901 461 余
933 408 1185 466 timidusque
1205 410 1412 467 procellae.

263 475 351 524 Qui
373 466 530 519 variare
549 476 665 532 cupit
685 491 770 519 rem
792 477 1078 533 prodigialiter
1097 493 1238 531 unam,

263 543 525 601 Delphinum
548 544 677 600 sylvis
697 544 903 601 appingit,
924 544 1124 587 fluctibus
1145 562 1305 602 aprum.

266 613 320 654 In
341 611 487 654 vitium
509 612 624 654 ducit
645 612 780 668 culpae
799 612 916 668 fuga,
939 613 972 654 si
995 622 1106 655 caret
1126 623 1228 656 arte.

263 680 322 722 AE
329 679 486 721 milium
505 679 612 722 circa
631 680 776 721 ludum
796 681 912 722 faber
930 681 1038 722 imus
1059 690 1100 723 et
1121 696 1281 738 ungues

262 747 503 803 Exprimet,
526 756 568 790 et
587 747 732 789 molles
752 747 984 789 imitabitur
1005 763 1086 790 aere
1106 750 1293 805 capillos,

263 815 424 859 Infelix
445 815 580 872 operis
602 829 777 868 summa,
797 815 895 871 quia
914 830 1066 871 ponere
1087 825 1221 859 totum

263 884 459 927 Nesciet:
489 884 603 926 hune
624 898 700 939 ego
721 898 802 935 me,
824 884 962 940 siquid
982 899 1230 940 componere
1250 900 1404 935 curem,

263 952 363 994 Non
382 951 517 1008 magis
537 967 624 994 esse
644 952 785 1003 velim,
808 966 931 1008 quam
952 967 1080 1008 pravo
1101 954 1241 997 vivere
1259 970 1374 1006 naso,

265 1019 547 1075 Spectandum
568 1019 698 1075 nigris
718 1020 849 1062 oculis
869 1020 1071 1078 nigroque
1092 1022 1257 1079 capillo,

264 1087 426 1130 Sumite
446 1087 660 1130 materiam
683 1088 830 1130 vestris
850 1088 921 1145 qui
943 1083 1121 1132 scribitis
1142 1106 1302 1148 aequam

266 1155 452 1206 Viribus,
474 1164 516 1198 et
535 1164 695 1198 versate
716 1156 789 1198 diu
810 1156 911 1213 quid
931 1157 1038 1200 ferre
1057 1168 1263 1212 recusent,

265 1223 382 1275 Quid
402 1223 570 1266 valeant
587 1223 778 1267 humeri:
810 1225 876 1267 cui
897 1225 1004 1268 lecta
1023 1235 1214 1281 potenter
1234 1228 1311 1270 erit
1330 1244 1409 1281 res,

263 1292 356 1334 Nec
375 1291 570 1333 facundia
590 1292 751 1334 deseret
770 1292 898 1344 hunc,
920 1308 997 1336 nec
1017 1294 1186 1337 lucidus
1202 1296 1316 1337 ordo.

261 1358 434 1401 Ordinis
454 1358 546 1401 haec
566 1359 698 1402 virtus
718 1359 797 1402 erit
818 1369 860 1402 et
876 1375 1021 1412 venus,
1043 1371 1116 1404 aut
1137 1377 1216 1418 ego
1236 1363 1372 1414 fallor,

261 1427 327 1469 Ut
339 1427 429 1484 jam
450 1442 562 1469 nunc
582 1427 710 1480 dicat,
725 1428 814 1485 jam
836 1444 948 1471 nunc
968 1430 1164 1472 debentia
1184 1431 1267 1473 dici

259 1494 463 1551 Pleraque
483 1494 662 1547 differat,
684 1501 726 1538 et
741 1511 924 1552 praesens
946 1497 990 1539 in
1011 1492 1175 1554 tempus
1196 1499 1374 1542 omittat.

262 1563 318 1604 In
337 1562 473 1605 verbis
493 1563 617 1605 etiam
639 1563 775 1606 tenuis
797 1573 1025 1622 cautusque
1046 1567 1255 1609 serendis:

261 1632 359 1674 Hoc
379 1640 503 1683 amet,
524 1631 604 1675 hoc
625 1641 791 1688 spernat
812 1634 1003 1689 promissi
1025 1635 1222 1677 carminis
1245 1645 1402 1680 auctor.

261 1700 430 1743 Dixeris
450 1701 630 1757 egregie,
652 1710 797 1743 notum
819 1701 853 1743 si
875 1701 1027 1744 callida
1048 1703 1218 1745 verbum

260 1769 511 1812 Reddiderit
524 1770 723 1826 junctura
742 1785 912 1812 novum.
975 1770 1019 1813 Si
1040 1771 1146 1813 forte
1165 1786 1330 1814 necesse
1351 1782 1412 1815 est

263 1837 438 1881 Iudiciis
458 1846 685 1880 monstrare
703 1839 938 1881 recentibus
955 1839 1095 1882 abdita
1113 1855 1267 1892 rerum,

263 1906 446 1962 Fingere
466 1905 660 1948 cinctutis
681 1921 764 1948 non
786 1907 981 1950 exaudita
1001 1908 1200 1965 Cethegis

265 1974 492 2031 Continget
508 1991 520 2023 余
553 1973 804 2030 dabiturque
822 1974 991 2017 licentia
1011 1986 1176 2031 sumpta
1191 1977 1408 2032 pudenter.

261 2041 324 2085 Et
342 2056 452 2084 nova
471 2041 648 2099 fictaque
667 2056 800 2098 nuper
819 2042 1031 2085 habebunt
1051 2044 1175 2086 verba
1194 2045 1337 2097 fidem,
1361 2047 1395 2088 si

262 2110 414 2153 Graeco
432 2109 549 2152 fonte
567 2110 734 2161 cadant,
755 2125 877 2165 parce
898 2111 1084 2153 detorta:
1116 2112 1218 2167 quid
1237 2122 1375 2156 autem

264 2176 437 2224 Caecilio
458 2176 693 2232 Plautoque
713 2177 832 2218 dabit
852 2178 1084 2230 Romanus,
1107 2180 1316 2223 ademtum

264 2244 443 2300 Virgilio
464 2244 705 2300 Varioque?
737 2259 815 2300 ego
835 2259 923 2297 cur,
946 2246 1157 2302 acquirere
1176 2263 1309 2304 pauca

265 2312 312 2355 Si
332 2327 516 2368 possum,
538 2312 742 2363 invideor,
764 2326 859 2355 cum
885 2313 1031 2370 lingua
1052 2315 1224 2358 Catonis
1245 2327 1286 2359 et
1308 2319 1423 2362 Enni

264 2381 505 2423 Sermonem
525 2381 705 2437 patrium
727 2381 938 2434 ditaverit,
959 2392 1001 2425 et
1019 2398 1128 2426 nova
1149 2399 1284 2428 rerum

265 2448 448 2491 Nomina
467 2449 712 2505 protulerit?
775 2450 938 2502 Licuit,
960 2466 1201 2509 semperque
1221 2454 1377 2508 licebit,

266 2516 488 2573 Signatum
508 2526 712 2573 proesente
732 2527 830 2561 uota
848 2521 1076 2574 procudere
1095 2536 1260 2565 nomen.

265 2584 330 2629 Ut
349 2587 467 2629 silvae
485 2585 596 2629 foliis
615 2602 765 2643 pronos
787 2596 1001 2630 mutantur
1022 2589 1066 2631 in
1089 2604 1244 2640 annos余

266 2654 409 2697 Prima
428 2655 607 2697 cadunt:
641 2656 700 2699 ita
719 2657 937 2700 verborum
958 2666 1078 2700 vetus
1098 2659 1240 2702 interit
1261 2671 1376 2714 aetas,

266 2723 328 2765 Et
341 2723 546 2779 juvenum
567 2724 651 2766 ritu
670 2725 818 2768 florent
838 2727 960 2769 modo
980 2735 1093 2778 nata,
1111 2728 1348 2786 vigentque.

269 2791 483 2833 Debemur
503 2791 624 2835 morti
645 2807 721 2835 nos
741 2803 961 2850 nostraque
978 2812 989 2844 余
1024 2795 1112 2837 sive
1130 2806 1322 2852 receptus

1513 296 1598 351 237

1542 1232 1598 1272 40

1539 1915 1600 1956 50

1541 2258 1601 2299 55

1540 2599 1599 2642 60
