1962 3268
405 309 487 364 176
848 324 890 358 ρ’.
921 316 1116 356 nonum
1147 329 1311 360 FnAcct

403 424 606 478 Corruget
626 438 768 474 nares;
802 439 854 468 ne
874 441 955 469 non
978 437 1019 470 et
1040 429 1261 472 cantharus
1282 438 1323 472 et
1342 430 1439 473 lanx

401 490 605 532 Ostendat
625 491 701 533 tibi
722 499 762 534 te
779 509 793 541 ;>
823 508 875 535 ne
895 493 999 537 fidos
1020 495 1128 538 inter
1147 497 1297 539 amicos

400 557 464 599 Sit
483 558 557 613 qui
576 558 686 601 dicta
706 559 812 602 foras
833 561 1014 605 eliminet
1032 580 1043 615 ;
1074 572 1121 606 ut
1141 572 1259 607 coeat
1279 581 1353 621 par

397 625 428 665 J
430 634 690 682 ungaturque
709 628 813 683 pari.
873 631 1046 673 Butram
1069 632 1159 682 tibi,
1184 633 1506 691 Septiciumque,

396 693 458 734 Et
477 693 558 734 nisi
579 709 696 736 coena
715 695 826 750 prior
844 697 1058 754 potiorque
1078 700 1214 754 puella
1238 701 1435 743 Sabinum

397 760 585 819 Detinet,
607 777 833 805 assumam:
864 764 978 807 locus
999 775 1060 808 est
1081 775 1121 808 et
1140 768 1327 823 pluribus
1345 770 1528 819 umbris;

400 828 483 869 Sed
502 829 624 870 nimis
644 838 754 872 arcta
773 840 965 886 premunt
985 833 1107 874 olidae
1133 835 1321 877 convivia
1341 852 1489 892 caprae.

396 896 435 936 Γ
437 910 465 936 ιι
484 905 632 951 quotus
654 912 739 939 esse
759 898 876 947 velis,
898 899 1099 948 rescribe;
1133 909 1174 942 et
1194 903 1314 943 rebus
1335 904 1492 946 omissis

398 962 516 1004 Atria
537 972 763 1006 servantem
785 965 943 1020 postico
963 966 1060 1007 falle
1081 967 1283 1010 clientem.

843 1189 1158 1232 EPISTOLA
1188 1193 1269 1233 VI.

879 1300 940 1326 AD
974 1301 1224 1328 NUMICIUM.

395 1372 438 1413 N
442 1386 487 1413 IL
509 1373 699 1415 admirari
719 1388 845 1429 prope
866 1389 930 1416 res
951 1384 1012 1416 est
1032 1390 1129 1428 una,
1151 1378 1336 1430 Numici,

397 1440 586 1495 Solaque,
608 1455 700 1496 quae
719 1442 848 1496 possit
866 1442 999 1484 facere
1020 1452 1060 1484 et
1081 1459 1240 1486 servare
1260 1447 1424 1488 beatum

394 1507 525 1549 Hunc
545 1508 687 1559 solem,
709 1516 749 1550 et
770 1508 922 1559 stellas,
944 1518 985 1550 et
1006 1509 1245 1553 decedentia
1266 1513 1386 1555 certis

395 1575 604 1630 Tempora
623 1576 855 1628 momentis,
878 1585 973 1618 sunt
993 1577 1064 1633 qui
1083 1577 1302 1621 formidine
1321 1581 1436 1624 nulla

394 1642 553 1684 Imbuti
574 1652 781 1698 spectent:
815 1645 915 1700 quid
937 1659 1076 1687 censes
1095 1637 1266 1689 munera
1286 1640 1437 1690 terrae?

393 1709 505 1759 Quid
524 1711 648 1752 maris
663 1720 864 1754 extremos
887 1713 1049 1755 Arabas
1070 1713 1241 1756 ditantis
1263 1723 1304 1756 et
1326 1716 1486 1759 Indos?

391 1775 576 1820 Ludicra
596 1779 710 1834 quid,
732 1780 915 1835 plausus,
938 1787 979 1822 et
1000 1781 1120 1823 amici
1140 1782 1248 1824 dona
1270 1783 1477 1834 Quiritis?

390 1844 483 1893 Quo
505 1847 727 1899 spectanda
746 1847 883 1898 modo,
905 1862 985 1903 quo
1006 1864 1128 1890 sensu
1149 1850 1279 1892 credis
1296 1859 1336 1893 et
1356 1855 1456 1894 ore?

390 1911 472 1961 Qui
493 1912 610 1953 timet
629 1913 694 1954 his
715 1915 899 1965 adversa,
920 1915 1005 1956 fere
1024 1916 1196 1958 miratur
1215 1918 1356 1959 eodem

388 1978 481 2028 Quo
502 1979 670 2033 cupiens
689 1988 832 2034 pacto:
855 1995 983 2034 pavor
1002 1990 1064 2023 est
1083 1984 1299 2038 utrobique
1319 1985 1537 2028 molestus:

388 2045 620 2100 Improvisa
640 2046 762 2101 simul
783 2047 937 2102 species
952 2056 1133 2094 >exterret
1153 2057 1385 2105 utrumque.

388 2112 596 2165 Gaudeat,
618 2128 670 2155 an
691 2114 850 2166 doleat3
882 2115 1036 2170 cupiat,
1057 2124 1294 2164 metuatne3
1327 2118 1428 2173 quid
1449 2119 1502 2161 ad
1523 2122 1623 2172 rem,

388 2179 448 2230 Si,
470 2180 667 2236 quicquid
687 2181 794 2222 vidit
814 2182 961 2223 melius
981 2182 1152 2238 pejusve
1173 2198 1246 2226 sua
1267 2198 1353 2239 spe,

383 2247 549 2289 Defixis
569 2248 713 2299 oculis,
735 2248 951 2304 animeque
971 2258 1013 2291 et
1033 2264 1199 2306 corpore
1220 2254 1385 2307 torpet?

383 2315 527 2356 Insani
548 2316 710 2370 sapiens
728 2330 879 2358 nomen
897 2317 1016 2367 ferat,
1038 2333 1180 2374 aequus
1200 2319 1347 2375 iniqui,

381 2381 508 2423 Ultra
527 2390 652 2437 quam'
671 2383 769 2425 satis
789 2392 866 2433 est,
888 2385 1080 2427 virtutem
1102 2386 1137 2427 si
1157 2395 1270 2441 petat
1290 2387 1433 2442 ipsam.

380 2450 406 2490 -Ι
428 2464 554 2501 nunc,
575 2459 806 2506 argentum,
828 2460 869 2493 et
890 2467 1065 2494 marmor
1085 2461 1218 2505 vetus,
1241 2469 1404 2510 aeraque
1424 2463 1465 2497 et
1485 2464 1591 2498 artes

382 2517 569 2575 Suspice,
591 2533 683 2560 cum
703 2520 875 2573 gemmis
897 2521 1050 2575 Tyrios
1070 2521 1216 2563 mirare
1237 2522 1412 2564 colores:

382 2586 533 2628 Gaude
553 2585 664 2640 quod
684 2594 869 2640 spectant
889 2587 997 2628 oculi
1016 2595 1058 2629 te
1077 2588 1190 2630 mille
1209 2588 1443 2644 loquentem
1461 2607 1471 2632 ε

360 2654 363 2658 “
381 2653 556 2695 Gnavus
576 2666 695 2694 mane
713 2653 862 2705 forum,
884 2661 925 2695 et
945 2655 1201 2709 vespertinus
1220 2663 1314 2710 pete
1334 2664 1514 2710 tectum3

378 2720 445 2761 Ne
464 2720 559 2775 plus
577 2720 773 2762 frumenti
793 2721 1000 2763 dotalibus
1020 2730 1171 2764 emetat
1192 2723 1301 2777 agris

378 2789 528 2831 Mutus
545 2805 556 2837 ;
590 2797 631 2830 et
653 2786 887 2844 (indignum
908 2790 1019 2844 quod
1039 2789 1112 2844 sit)
1134 2790 1341 2845 pejoribus
1361 2799 1488 2843 ortus,

1666 574 1724 616 25

1664 910 1722 951 30

1657 1989 1712 2029 10

1649 2322 1704 2364 15

1645 2659 1703 2700 20
