1962 3268
375 262 461 309 112
818 278 858 308 Q·
889 278 1082 306 HouA'rII
1115 280 1279 308 FLAccr

435 374 640 431 Injurioso
659 389 712 416 ne
731 375 837 430 pede
851 390 1018 431 proruas

434 441 619 483 Stantem
641 441 899 490 columnam
933 458 1016 485 neu
1034 446 1211 500 populus
1231 447 1421 503 frequens

490 509 558 550 Ad
578 523 690 550 arma
708 519 926 561 cessantes,
948 512 1001 553 ad
1020 527 1132 554 arma

544 576 749 628 Concitet,
770 577 1067 634 imperiumque
1084 579 1259 635 frangat.

431 642 498 682 Te
521 654 680 695 semper
699 640 827 682 anteit
853 655 962 682 saeva
982 643 1231 694 Necessitas,

431 707 580 748 Clavos
601 707 776 748 trabales
797 716 838 748 et
857 722 1006 750 cuneos
1027 723 1151 751 manu

488 774 667 815 Gestans
687 773 844 825 ahena3
874 789 948 816 nec
968 789 1131 816 severus

543 840 689 881 Uncus
710 841 838 889 abest,
859 840 1142 896 liquidumque
1161 842 1387 897 plumbum.

428 908 494 947 Te
516 907 618 960 Spes
639 914 679 946 et
699 905 792 947 albo
812 921 902 948 rara
923 907 1050 949 Fides
1071 908 1169 949 colit

427 972 576 1014 Velata
596 986 759 1026 panno;
793 986 868 1013 nec
888 973 1078 1014 comitem
1099 975 1289 1028 abnegat,

486 1040 711 1093 Utcunque
730 1046 888 1080 mutata
908 1047 1096 1094 potentes

540 1106 666 1146 Veste
687 1105 831 1145 domos
851 1104 1019 1147 inimica
1038 1106 1203 1162 linquis.

426 1174 490 1213 At
511 1172 661 1226 vulgus
680 1171 853 1212 infidum
876 1180 917 1213 et
937 1173 1128 1214 meretrix
1147 1182 1255 1215 retro

429 1239 602 1294 Perjura
622 1238 748 1279 cedit;
781 1238 1008 1293 diffugiunt
1029 1240 1145 1281 cadis

484 1307 594 1347 Cum
613 1305 714 1346 faece
734 1305 894 1346 siccatis
914 1306 1050 1356 amici,

538 1373 665 1413 Ferre
678 1372 828 1426 jugum
850 1372 1003 1423 pariter
1022 1374 1167 1416 dolosi.

429 1440 576 1480 Serves
597 1438 751 1479 iturum
775 1440 979 1480 Caesarem
1000 1440 1044 1480 in
1062 1441 1229 1483 ultimos

427 1504 552 1545 Orbis
576 1504 814 1555 Britannos,
837 1514 878 1546 et
890 1505 1091 1560 juvenum
1109 1522 1249 1549 recens

444 1573 445 1576 ’
482 1573 675 1613 Examen
698 1568 799 1612 Eois
820 1571 1048 1613 timendum

540 1638 750 1688 Partibus,
768 1639 1014 1694 Oceanoque
1033 1640 1170 1681 rubro.

424 1703 549 1745 Eheu
568 1701 577 1744 Ι
612 1704 845 1745 cicatricum
867 1713 907 1746 et
928 1706 1089 1747 sceleris
1110 1708 1238 1761 pudet

423 1770 717 1825 Fratrumque:
750 1770 851 1825 quid
870 1785 944 1812 nos
964 1773 1068 1814 dura
1088 1774 1312 1829 refugimus

484 1834 611 1877 AEtas
627 1838 645 1876 ?
676 1836 777 1891 quid
797 1837 997 1879 intactum
1018 1840 1166 1881 nefasti

539 1902 792 1956 Liquimus?
823 1905 934 1945 unde
955 1919 1123 1946 manum
1136 1907 1337 1960 juventus

384 2009 395 2026 ,
422 1969 544 2010 Metu
566 1970 751 2010 Deorum
772 1970 1007 2011 continuit?
1037 1972 1186 2025 quibus

424 2035 616 2089 Pepercit
636 2036 746 2077 aris?
778 2038 816 2078 Ο
839 2036 995 2078 utinam
1016 2052 1124 2079 nova

481 2102 640 2142 Incude
658 2101 848 2156 diffingas
862 2111 1045 2145 retusum
1065 2104 1110 2145 in

538 2169 798 2222 Massagetas
818 2169 1055 2224 Arabasque
1074 2170 1240 2212 ferrum.

652 2389 655 2392 ’
703 2405 828 2445 ODE
864 2405 1097 2446 XXXVI.
1161 2404 1344 2456 (mxv.)

783 2523 843 2550 DE
865 2523 1027 2550 PLOTIO
1058 2523 1259 2551 NUMIDA.

366 2655 368 2659 ἢ
423 2601 492 2641 ΕΤ
516 2607 605 2641 ture
627 2607 668 2640 et
687 2599 838 2640 fidibus
852 2600 976 2654 juvat

480 2666 666 2716 Placaoe,
689 2674 730 2706 et
750 2665 871 2707 vituli
894 2666 1091 2721 sanguine
1111 2667 1251 2708 debito

1636 516 1691 557 15

1631 846 1687 885 20

1631 1179 1686 1219 25
