1962 3268
562 281 622 310 DE
654 281 779 310 ARTE
812 279 1024 316 ΡΟΕΤΙΟΑ,
1059 280 1120 308 AD
1154 279 1356 308 PISONES.

297 382 362 427 Et
380 382 525 440 patris,
547 390 590 425 et
608 390 784 435 nostras,
806 396 1044 439 nonumque
1064 387 1276 437 prematur
1296 381 1342 424 in
1362 392 1532 432 annum,

299 448 563 493 Membranis
579 449 693 493 intus
712 450 871 506 positis.
934 450 1086 492 Delere
1107 448 1264 500 licebit,

297 520 423 571 Quod
442 534 525 561 non
547 519 748 568 edideris;
782 519 914 561 nescit
935 533 1016 560 vox
1036 518 1160 559 missa
1180 518 1345 560 reverti.

300 586 518 629 Silvestres
539 587 728 629 homines
749 601 863 630 sacer
882 578 1167 642 interpresque
1187 585 1375 627 Deorum

298 654 498 696 Caedibus
510 663 552 697 et
572 654 688 697 victu
706 654 820 696 foedo
841 654 1042 696 deterruit
1062 653 1281 709 Orpheus3

297 720 451 763 Dictus
470 723 524 765 ob
542 722 622 764 hoc
641 722 771 764 lenire
791 722 934 778 tigres,
955 722 1201 777 rabidosque
1221 721 1384 763 leones:

296 788 450 832 Dictus
469 798 512 833 et
532 789 751 846 Amphion
768 790 987 833 Thebanae
1008 789 1198 832 conditor
1219 789 1325 831 arcis

299 856 408 900 Saxa
426 871 592 900 movere
612 872 712 900 sono
732 857 968 910 testudinis,
990 866 1032 900 et
1050 872 1171 913 prece
1189 857 1343 900 blanda

296 924 464 969 Ducere
482 941 565 983 quo
578 926 730 969 vellet:
763 926 846 968 fuit
864 925 958 969 haec
979 925 1182 982 sapientia
1203 925 1431 982 quondam,

297 993 472 1038 Publica
491 995 664 1051 privatis
685 1010 910 1047 secernere,
924 1010 1039 1038 sacra
1059 994 1258 1051 profanis,

298 1061 539 1105 Concubitu
558 1063 778 1120 prohibere
800 1078 922 1120 vago,
944 1064 1043 1107 dare
1056 1064 1155 1121 jura
1174 1063 1350 1115 maritis,

297 1131 468 1187 Oppida
486 1132 637 1184 moliri,
659 1132 773 1188 leges
794 1132 978 1175 incidere
999 1132 1139 1189 ligno:

299 1199 371 1242 Sic
390 1199 524 1242 honor
543 1209 585 1243 et
605 1216 756 1243 nomen
775 1201 930 1243 divinis
946 1202 1112 1244 vatibus
1132 1210 1256 1258 atque

298 1269 563 1313 Carminibus
579 1271 708 1313 venit.
768 1271 872 1313 Post
892 1270 968 1312 hos
990 1270 1165 1326 insignis
1187 1271 1414 1321 Homerus,

297 1339 579 1395 Tyrtaeusque
599 1353 732 1382 mares
754 1339 913 1381 animos
933 1339 978 1380 in
999 1338 1159 1381 Martia
1178 1338 1288 1380 bella

297 1404 497 1448 Versibus
517 1406 702 1455 exacuit3
735 1406 860 1449 dictae
890 1422 964 1463 per
984 1407 1166 1449 carmina
1187 1415 1342 1455 sortes;

296 1474 359 1517 Et
378 1475 477 1517 vitae
498 1482 725 1518 monstrata
746 1475 813 1518 via
832 1483 918 1528 est3
949 1484 990 1517 et
1010 1475 1144 1531 gratia
1160 1490 1306 1531 regum

297 1543 448 1586 Pieriis
464 1551 623 1586 tentata
643 1543 795 1586 modis:
828 1544 1035 1600 ludusque
1055 1552 1257 1600 repertus,

297 1610 359 1653 Et
377 1610 595 1667 longorum
617 1627 787 1669 operum
808 1612 927 1655 finis:
959 1628 1012 1655 ne
1032 1612 1138 1656 forte
1157 1613 1309 1670 pudori

298 1679 364 1722 Sit
385 1680 463 1723 tibi
482 1681 612 1723 Musa
630 1681 734 1737 lyrae
756 1681 896 1731 solers,
918 1690 961 1724 et
981 1690 1126 1724 cantor
1146 1681 1314 1737 Apollo.

297 1749 461 1791 Natura
476 1748 596 1792 fieret
615 1749 827 1793 laudabile
846 1765 1028 1803 carmen,
1049 1765 1104 1793 an
1124 1759 1226 1799 arte,

294 1816 533 1868 Quaesitum
555 1827 644 1861 est:
678 1834 756 1875 ego
776 1834 852 1862 nec
873 1819 1058 1862 studium
1081 1819 1170 1861 sine
1185 1819 1316 1862 divite
1338 1834 1464 1869 vena3

297 1885 390 1928 Nec
409 1886 513 1929 rude
533 1886 634 1943 quid
650 1887 781 1943 possit
800 1887 923 1930 video
943 1887 1156 1944 ingenium
1175 1904 1184 1929 ε
1218 1887 1388 1930 alterius
1409 1888 1468 1931 sic

297 1954 448 1998 Altera
467 1956 602 2012 poscit
617 1971 737 2013 opem
754 1972 834 2009 reS,
858 1965 899 1999 et
915 1956 1103 2013 conjurat
1122 1956 1265 1998 amice.

293 2023 382 2075 Qui
402 2025 542 2067 studet
562 2033 745 2081 optatam
763 2040 887 2068 cursu
907 2025 1147 2080 contingere
1160 2032 1327 2075 metam,

297 2091 442 2134 Multa
462 2091 560 2134 tulit
579 2092 759 2149 fecitque
779 2108 908 2148 puer;
942 2093 1108 2134 sudavit
1129 2100 1171 2146 et
1192 2092 1312 2141 alsit3

297 2159 523 2202 Abstinuit
543 2175 693 2203 venere
714 2169 756 2203 et
776 2161 900 2202 vino:
933 2161 1005 2217 qui
1022 2159 1181 2216 Pythia
1202 2168 1342 2203 cantat

299 2226 494 2279 Tibicen,
516 2227 664 2270 didicit
683 2228 798 2285 prius
818 2229 1092 2286 extimuitque
1111 2229 1371 2285 magistrum.

298 2293 391 2337 Nec
411 2296 509 2339 satis
525 2305 591 2339 est
611 2296 779 2350 dixisse,
812 2298 842 2319 “
860 2299 957 2354 Ego
977 2298 1081 2341 mira
1096 2304 1289 2354 poemata
1308 2313 1470 2354 pango:

1551 264 1638 320 247

1546 519 1635 563 390

1549 858 1635 903 395

1549 1204 1635 1245 400

1547 1890 1633 1931 410

1549 2231 1633 2273 415

297 2365 329 2385 “
347 2364 536 2421 Occupet
555 2374 788 2408 extremum
809 2367 990 2417 scabies3
1023 2366 1128 2409 mihi
1148 2375 1269 2422 turpe
1288 2367 1466 2423 relinqui
1488 2376 1565 2419 est,

298 2433 330 2454 “
344 2433 419 2484 Et,
440 2434 553 2489 quod
572 2449 656 2476 non
676 2435 820 2487 didici,
843 2450 940 2478 sane
958 2435 1117 2478 nescire
1136 2434 1257 2477 fateri
1269 2436 1308 2476 ³³.

297 2500 363 2543 Ut
382 2515 519 2557 praeco
540 2502 593 2544 ad
614 2517 769 2546 merces
790 2505 951 2546 turbam
967 2504 1039 2560 qui
1055 2503 1167 2560 cogit
1186 2503 1397 2556 emendas,

297 2569 590 2613 Assentatores
603 2570 727 2627 jubet
741 2572 794 2614 ad
809 2572 970 2614 lucrum
993 2572 1052 2615 ire
1070 2579 1196 2629 poe'ta

298 2636 433 2680 Dives
448 2638 572 2693 agris,
593 2639 710 2682 dives
730 2640 875 2697 positis
894 2641 939 2684 in
958 2641 1116 2684 foenore
1136 2641 1333 2683 nummis.

301 2705 347 2748 Si
362 2720 460 2748 vero
483 2715 559 2759 est,
581 2717 752 2751 unctum
773 2709 845 2767 qui
866 2719 976 2753 recte
995 2725 1147 2767 ponere
1166 2709 1311 2766 possit,

298 2772 360 2816 Et
381 2775 582 2830 spondere
597 2775 680 2818 levi
698 2792 772 2833 pro
791 2792 988 2834 paupere,
1010 2787 1052 2823 et
1072 2779 1229 2835 eripere
1249 2778 1348 2822 atris

1545 2575 1631 2616 420
