1962 3268
266 434 379 478 Haec
397 449 514 492 seges
532 434 719 490 ingratos
739 433 852 484 tulit,
874 442 916 476 et
934 435 1040 477 feret
1060 435 1252 478 omnibus
1273 436 1404 479 annis.

264 502 342 546 vir
359 503 493 546 bonus
511 509 555 544 et
574 501 738 557 sapiens
754 501 892 556 dignis
910 497 972 543 ⁴ait
993 517 1082 545 esse
1101 512 1269 559 paratus
1286 521 1298 553 ;

266 570 359 613 Nec
377 578 517 626 tamen
535 569 700 625 ignorat
719 568 821 625 quid
841 568 997 611 distent
1017 584 1098 612 aera
1118 571 1287 626 lupinis.
1316 594 1337 611 .-

222 672 225 675 .
259 631 458 693 Dignum
476 637 682 693 praestabo
702 651 767 679 me
788 637 912 679 etiam
933 652 1008 692 pro
1028 638 1153 680 laude
1173 639 1380 680 merentis.

267 705 393 757 Quod
412 704 447 747 si
466 719 533 747 me
551 705 668 746 noles
688 719 862 762 usquam
880 705 1105 757 discedere,
1126 707 1274 748 reddes

268 772 399 815 Forte
415 771 541 828 latuS,
561 772 702 828 nigros
723 781 899 829 angusta
917 773 1054 814 fronte
1074 773 1270 829 capillos;

267 838 581 883 Reddes-dulce
600 841 714 898 loqui
732 858 743 890 ς
775 842 923 883 reddes
944 841 1078 883 ridere
1098 842 1307 894 decorum,
1329 850 1372 884 et

269 907 390 950 Inter
407 907 506 951 vina
522 908 665 964 fugam
689 908 855 951 Cinarae
873 914 1047 951 moerere
1067 918 1284 965 protervae.

240 1009 243 1013 .
267 974 394 1019 Forte
414 991 489 1033 per
508 985 725 1033 angustam
746 977 883 1019 tenuis
904 977 1091 1019 nitedula
1110 977 1256 1020 rimam

269 1044 476 1101 Repserat
494 1045 538 1087 in
559 1059 764 1087 cumeram
785 1045 1009 1094 frumenti;
1042 1056 1242 1103 pastaque
1263 1062 1404 1090 rursus

270 1113 342 1156 Ire
360 1113 469 1156 foras
488 1113 612 1170 pleno
633 1113 829 1155 tendebat
850 1127 1018 1169 corpore
1031 1114 1206 1157 frustra:
1267 1106 1271 1109 “

270 1181 357 1225 Cui
374 1181 550 1225 mustela
568 1182 730 1238 procul,
755 1182 801 1224 Si
822 1181 901 1234 vis,
923 1182 997 1234 ait,
1018 1182 1201 1239 effugere
1221 1184 1359 1236 istinc,

269 1251 420 1293 Maera
438 1264 585 1293 cavum
606 1258 765 1306 repetes
787 1259 962 1303 arctum,
980 1266 1102 1308 quem
1123 1267 1260 1295 macra
1280 1254 1441 1296 subisti.

268 1318 368 1362 Hac
385 1333 463 1376 ego
483 1318 518 1361 si
538 1319 761 1375 compellor
775 1319 972 1375 imagine,
996 1329 1144 1362 cuncta
1164 1320 1353 1377 resigno:

268 1387 362 1431 Nec
381 1401 569 1430 somnum
590 1387 723 1444 plebis
744 1388 885 1439 laudo,
908 1395 1022 1430 satur
1042 1387 1237 1440 altilium,
1258 1404 1350 1445 nec¹

269 1454 371 1498 Otia
390 1455 549 1498 divitiis
570 1457 762 1498 Arabum
782 1456 992 1498 liberrima
1013 1464 1143 1498 muto.

271 1523 393 1580 Saepe
412 1525 688 1566 verecundum
710 1523 921 1572 laudasth
953 1538 1110 1579 rexque
1130 1532 1331 1580 paterque

268 1591 444 1634 Audisti
466 1606 600 1634 coram
618 1609 630 1641 ;
663 1607 740 1634 nec
761 1591 887 1633 verbo
907 1592 1072 1647 parcius
1092 1592 1240 1634 absens
1257 1609 1266 1634 :

270 1659 437 1716 Inspice
457 1660 492 1702 si
511 1675 677 1716 possum
700 1661 852 1703 donata
871 1675 1069 1716 reponere
1088 1661 1225 1703 laetus.

270 1729 405 1771 Haud
423 1728 531 1771 male
552 1729 847 1780 Telemachus,
868 1729 1003 1785 proles
1023 1729 1221 1785 patientis
1242 1729 1430 1785 Ulyssei,

271 1796 370 1839 Non
391 1805 454 1839 est
473 1804 596 1854 aptus
616 1797 733 1854 equis
754 1797 900 1839 Ithace
919 1797 1060 1847 locus;
1084 1805 1132 1839 ut
1155 1813 1289 1854 neque
1309 1798 1445 1854 planis

271 1863 494 1907 Porrectus
514 1865 674 1921 spatiis,
696 1881 830 1922 neque
850 1866 996 1908 multae
1015 1866 1214 1922 prodigus
1234 1866 1402 1908 herbae:

269 1933 433 1987 Atride,
453 1933 586 1991 magis
605 1943 704 1991 apta
725 1934 801 1977 tibi
822 1943 895 1976 tua
914 1934 1024 1976 dona
1043 1933 1288 1990 relinquam.

270 2001 454 2045 Parvum
475 2016 603 2059 parva
624 2003 773 2045 decent
790 2018 800 2044 :
834 2002 939 2044 mihi
949 2002 1040 2059 jam
1056 2017 1140 2044 non
1166 2001 1282 2058 regia
1302 2002 1454 2054 Roma,

272 2070 358 2114 Sed
376 2085 553 2114 vacuum
575 2070 714 2114 Tibur
732 2070 884 2127 placet,
906 2079 979 2113 aut
996 2070 1164 2113 imbelle
1186 2073 1431 2113 Tarentum.

271 2139 473 2182 Strenuus
492 2147 535 2182 et
553 2139 687 2191 fortis,
709 2139 924 2195 causisque
947 2138 1173 2194 Philippus
1193 2139 1366 2193 agendis

272 2206 438 2260 Clarus,
459 2208 511 2250 ab
530 2207 674 2250 officiis
695 2216 882 2249 octavam
903 2206 1066 2248 circiter
1086 2206 1229 2248 horam

272 2274 390 2316 Dum
407 2275 532 2327 redit,
553 2283 676 2331 atque
697 2275 807 2316 Foro
826 2273 999 2315 nimium
1021 2273 1175 2317 distare
1196 2274 1370 2317 Carinas

271 2341 371 2384 «Iam
392 2342 560 2398 grandis
579 2352 682 2385 natu
700 2342 902 2399 queritur,
923 2342 1151 2398 conspexit,
1172 2351 1221 2385 ut
1241 2343 1373 2395 aiunt,

271 2411 487 2454 Adi-asum
506 2412 712 2468 quendam
733 2426 863 2453 vacua
883 2410 1058 2453 tonsoris
1077 2411 1121 2453 in
1141 2412 1301 2463 umbra,

273 2479 457 2523 Cultello
476 2480 664 2536 proprios
683 2488 931 2536 purgantem
954 2479 1103 2522 leniter
1124 2493 1297 2536 ungues.

272 2540 464 2591 Demetri
487 2546 610 2605 (puer
631 2547 701 2590 hic
721 2563 804 2590 non
825 2548 930 2590 laeve
943 2548 1063 2605 jussa
1084 2548 1274 2605 Philippi

270 2615 533 2672 Accipiebat)
555 2616 650 2666 abi3
682 2631 837 2674 quaere,
859 2625 901 2659 et
919 2617 1050 2667 refer3
1085 2617 1196 2660 unde
1216 2618 1338 2660 domo
1356 2636 1368 2668 ;
1401 2619 1520 2676 quis3

271 2681 404 2739 Cujus
423 2681 626 2732 fortuna-33
659 2697 742 2740 quo
763 2683 816 2725 sit
837 2692 970 2739 patre,
993 2697 1128 2739 quove
1158 2692 1349 2739 patrono.

272 2747 330 2801 It,
350 2749 474 2802 redit,
495 2759 537 2793 et
555 2761 719 2800 narrat3
754 2752 967 2794 Vulteium
988 2751 1156 2794 nomine
1179 2754 1370 2804 Menam,

274 2815 530 2869 Praeconem‚
551 2818 667 2860 tenui
688 2833 828 2870 censu,
852 2819 939 2861 sine
961 2819 1132 2862 crimine
1151 2829 1296 2862 notum
1316 2837 1327 2869 ς

1356 2903 1386 2929 N
1411 2890 1439 2929 2

641 329 966 358 EnsroLAmm
999 330 1090 359 mn.
1121 331 1152 359 1.
1183 316 1224 371 7.
1515 315 1601 372 179

1546 709 1603 750 25

1552 2415 1610 2457 50

1555 2756 1612 2796 55
