1962 3268
746 331 924 359 EPODON
958 333 1111 360 LIBER.

793 509 842 550 v.
906 512 977 564 (M.
1010 512 1060 562 1.)

602 645 653 674 IN
686 646 925 677 cANIDIAM
960 648 1257 677 VENEFICAM.

322 772 409 821 Ar,
431 770 470 812 Ο
491 769 660 811 deorum
682 770 880 829 quicquid
900 771 943 814 in
964 772 1067 815 caelo
1087 772 1194 828 regit

376 838 531 879 Terras
551 845 593 879 et
612 836 841 881 humanum
864 855 997 896 genus
1014 843 1022 883 !

314 905 431 957 Quid
451 905 530 948 iste
549 905 630 947 fert
651 907 886 951 tumultus?
909 916 950 950 et
971 908 1072 964 quid
1093 909 1279 951 omnium

295 992 298 994 ’
375 973 529 1016 Vultus
549 973 591 1015 in
614 989 745 1016 unum
768 990 835 1018 me
858 979 1026 1019 truces?

320 1043 406 1085 Per
427 1043 579 1085 liberos
600 1052 655 1094 te,
679 1044 712 1085 si
736 1054 880 1089 vocata
900 1046 1102 1101 partubus

376 1111 541 1154 Lucina
561 1112 668 1154 veris
689 1113 824 1165 affuit,

319 1181 403 1222 Per
421 1180 502 1223 hoc
522 1180 644 1223 inane
664 1196 861 1238 purpurae
882 1182 1008 1224 decus
1029 1198 1190 1239 precor,

376 1249 460 1291 Per
478 1249 804 1305 improbaturum
826 1249 918 1292 haec
939 1251 969 1291 J
973 1265 1106 1302 ovem,

316 1316 434 1368 Quid
452 1325 501 1359 ut
519 1332 696 1361 noverca
715 1327 781 1360 'me
801 1318 990 1369 intueris,
1013 1328 1085 1362 aut
1105 1321 1167 1363 uti

379 1385 519 1428 Petita
534 1386 641 1428 ferro
662 1387 782 1429 belua
799 1389 815 1428 ?

321 1455 386 1496 Ut
404 1453 497 1497 haec
517 1463 718 1498 tremente
739 1465 910 1512 questus
931 1471 1000 1499 ore
1021 1456 1208 1500 constitit

379 1523 624 1580 Insignibus
644 1525 774 1580 raptis
793 1539 912 1580 puer,

323 1590 501 1647 Impube
521 1607 684 1649 corpus,
705 1593 827 1649 quale
847 1603 986 1650 posset
1005 1594 1133 1651 impia

383 1660 556 1703 Mollire
577 1660 790 1703 Thracum
813 1670 1006 1717 pectora;

321 1729 501 1774 Canidia
520 1729 713 1771 brevibus
733 1729 945 1786 implicata
965 1731 1117 1787 viperis

379 1798 527 1842 Crines
548 1806 590 1840 et
608 1797 835 1840 incomtum
858 1808 999 1855 caput,

319 1869 352 1911 J
354 1868 454 1910 ubet
474 1866 704 1922 sepulchris
724 1867 939 1923 caprificos
959 1875 1112 1919 erutas,

377 1938 410 1979 J
413 1936 513 1978 ubet
531 1949 749 1991 cupressus
767 1935 978 1988 funebres,

319 2007 381 2048 Et
400 2012 526 2047 uncta
542 2003 679 2060 turpis
699 2019 779 2047 ova
798 2019 911 2047 ranae
933 2005 1149 2061 sanguine,

378 2074 653 2129 Plumamque
672 2081 886 2115 nocturnae
907 2073 1062 2129 strigis,

323 2143 570 2198 Herbasque
589 2156 692 2197 quas
714 2141 853 2184 Iolcos
874 2150 998 2198 atque
1017 2141 1157 2186 Iberia

382 2210 538 2261 Mittit,
560 2223 811 2251 venenorum
832 2209 962 2262 ferax,

323 2280 385 2322 Et
404 2292 496 2320 ossa
516 2278 569 2320 ab
590 2291 660 2320 ore
680 2285 800 2333 rapta
813 2277 973 2334 jejunae
993 2279 1122 2331 canis,

381 2346 584 2389 Flammis
604 2345 723 2387 aduri
745 2346 968 2393 Colchicis.

326 2417 389 2458 At
409 2414 602 2471 expedita
624 2415 802 2471 Sagana,
823 2429 897 2471 per
918 2423 1047 2459 totam
1071 2417 1239 2460 domum

382 2485 590 2540 Spargens
610 2481 842 2526 Avernales
862 2499 1006 2541 aqum,

323 2551 482 2594 Horret
503 2549 663 2606 capillis
683 2558 731 2593 ut
751 2550 936 2595 marinus
955 2553 1110 2609 asperis

383 2618 589 2669 Echinus,
611 2627 684 2661 aut
705 2634 872 2662 currens
893 2635 1005 2677 aper.

324 2687 489 2729 Abacta
509 2687 626 2731 nulla
646 2687 752 2731 Veia
772 2688 1039 2742 conscientia,

383 2754 616 2811 Ligonibus
636 2756 751 2798 duris
771 2756 945 2801 humum

325 2822 625 2876 Exhauriebat‚
648 2824 860 2880 ingemens
878 2827 1113 2875 laboribus;

1541 319 1600 366 69

1546 1391 1601 1432 10

1546 1736 1601 1777 15

1542 2080 1601 2120 20

1542 2424 1601 2464 25
