1962 3268
702 306 897 336 CARMEN
931 302 1187 334 sAEcULARE.

338 413 509 458 Fertilis
526 412 693 468 frugum
714 411 953 467 pecorisque
975 409 1124 452 Tellus

339 483 487 538 Spicea
501 481 628 524 donet
649 480 841 522 Cererem
862 490 1035 520 corona:

338 548 542 592 Nutriant
559 547 688 590 foetus
707 554 749 589 et
769 559 887 602 aquae
914 543 1096 586 salubres

455 618 517 659 Et
536 614 655 658 Jovis
676 629 802 657 aurae.

341 683 523 726 Condito
543 682 655 727 mitis
674 681 943 737 placidusque
961 679 1044 721 telo

342 750 561 806 Supplices
581 749 680 793 audi
698 763 863 806 pueros,
883 746 1041 803 Apollo
1057 762 1069 795 ;

343 818 535 862 Siderum
555 817 701 874 regina
718 816 898 860 bicornis
918 815 1031 867 audi,

458 887 599 938 Luna,
620 885 804 942 puellas:

344 955 483 996 Roma
503 953 539 996 si
558 962 741 996 vestrum
762 961 825 995 est
844 966 963 1008 opus,
987 950 1162 1006 Iliaeque

346 1022 491 1064 Littus
511 1023 738 1065 Etruscum
760 1029 930 1064 tenuere
949 1027 1113 1070 turmae,

345 1092 378 1134 J
380 1105 476 1133 ussa
495 1105 590 1147 pars
610 1098 770 1132 mutare
790 1089 921 1132 Lares
942 1095 984 1130 et
1002 1088 1161 1137 urbem,

438 1196 444 1201 .
465 1158 628 1215 Sospite
647 1172 798 1207 cursu;

349 1227 434 1272 Cui
452 1241 530 1283 per.
546 1227 760 1269 ardentem
777 1225 865 1267 sine
885 1224 1033 1266 fraude
1049 1223 1223 1279 Trojam

350 1294 504 1338 Castus
523 1294 699 1343 AEneas,
720 1292 866 1349 patriae
887 1299 1110 1347 superstes,

322 1356 326 1360 ’
351 1363 553 1406 Liberum
573 1361 754 1404 munivit
774 1361 868 1413 iter,
889 1360 1062 1402 daturus

475 1431 607 1473 Plura
626 1429 808 1472 relictis:

353 1500 431 1544 Dii
450 1500 600 1556 probos
619 1512 752 1541 mores
772 1497 898 1540 docili
912 1497 1116 1553 juventae,

358 1569 437 1613 Dii
457 1566 662 1610 senectuti
682 1566 859 1622 placidae
880 1566 1078 1622 quietem,
1095 1584 1097 1587 ·

357 1635 554 1680 Romulae
573 1634 690 1691 genti
709 1635 806 1677 date
825 1647 993 1689 remque
1012 1631 1254 1688 prolemque

473 1705 535 1746 Et
554 1703 680 1746 decus
701 1717 836 1745 omne.

359 1772 525 1828 Quique
543 1785 618 1813 vos
636 1771 772 1813 bubus
791 1778 1011 1813 veneratur
1030 1767 1136 1812 albis

362 1842 511 1884 Clarus
531 1838 735 1882 Anchisae
754 1838 1010 1894 Venerisque
1029 1834 1212 1890 sanguis,

363 1911 565 1965 Imperet,
584 1907 767 1950 bellante
786 1907 912 1962 prior,
926 1906 1137 1962 jacentem

478 1974 610 2018 Lenis
628 1974 675 2016 in
691 1974 867 2017 hostem.

363 2045 395 2087 J
398 2058 463 2087 am
484 2042 588 2086 mari
609 2051 797 2099 terraque
816 2056 964 2085 manus
982 2049 1172 2098 potentes

366 2113 522 2155 Medus
543 2111 814 2166 Albanasque
834 2110 954 2152 timet
974 2124 1158 2163 secures:

367 2185 398 2225 J
401 2196 468 2225 am
490 2178 659 2234 Scythae
679 2192 874 2232 responsa
892 2184 1056 2232 petunt,
1077 2175 1243 2231 superbi

483 2248 649 2301 Nuper,
670 2253 713 2286 et
734 2244 848 2287 Indi.

369 2318 401 2360 J
403 2330 469 2359 am
492 2314 637 2366 Fides,
659 2321 702 2355 et
722 2314 829 2365 Pax,
851 2321 893 2355 et
914 2312 1079 2364 Honor,
1103 2312 1328 2368 Pudorque

372 2384 555 2434 Priscus,
577 2390 619 2424 et
637 2381 827 2437 neglecta
845 2380 979 2423 redire
999 2380 1144 2423 Virtus

372 2453 513 2496 Audet
525 2453 555 2500 3*
571 2458 823 2507 apparetque
837 2450 957 2492 beata
975 2449 1099 2505 pleno

488 2518 622 2574 Copia
641 2532 782 2560 cornu.

375 2592 528 2646 Augur
547 2596 589 2630 et
606 2587 794 2642 fulgente
813 2586 985 2629 decorus
1004 2600 1102 2628 arcu

377 2658 579 2708 Phoebus,
601 2664 875 2712 acceptusque
890 2670 1038 2698 novem
1061 2656 1292 2707 Camoenis‚

380 2726 463 2778 Qui
484 2724 653 2768 salutari
672 2724 784 2767 lcvat
803 2735 891 2767 arte
910 2724 1037 2768 fessos

495 2792 689 2847 Corporis
709 2801 837 2843 artus,

1527 284 1608 327 201

1566 813 1621 853 35

1583 1836 1640 1875 50

1589 2175 1645 2215 55

1591 2515 1649 2557 60
