<?xml version="1.0" encoding="UTF-8"?>
<!DOCTYPE html PUBLIC "-//W3C//DTD XHTML 1.0 Transitional//EN"
    "http://www.w3.org/TR/xhtml1/DTD/xhtml1-transitional.dtd">
<html xmlns="http://www.w3.org/1999/xhtml" xml:lang="en" lang="en">
 <head>
  <title>
</title>
<meta http-equiv="Content-Type" content="text/html;charset=utf-8" />
  <meta name='ocr-system' content='tesseract 3.04.00' />
  <meta name='ocr-capabilities' content='ocr_page ocr_carea ocr_par ocr_line ocrx_word'/>
</head>
<body>
  <div class='ocr_page' id='page_1' title='image "./horatiusrestitut00horauoft_0287.png"; bbox 0 0 1962 3268; ppageno 0'>
   <div class='ocr_carea' id='block_1_1' title="bbox 641 305 1569 350">
    <p class='ocr_par' dir='ltr' id='par_1_1' title="bbox 641 305 1569 350">
     <span class='ocr_line' id='line_1_1' title="bbox 641 305 1569 350; baseline -0.004 0"><span class='ocrx_word' id='word_1_1' title='bbox 641 321 900 350; x_wconf 76' lang='lat' dir='ltr'>SERMONUM</span> <span class='ocrx_word' id='word_1_2' title='bbox 934 320 1024 347; x_wconf 76' lang='lat' dir='ltr'>mn.</span> <span class='ocrx_word' id='word_1_3' title='bbox 1056 320 1108 347; x_wconf 86' lang='lat'>11.</span> <span class='ocrx_word' id='word_1_4' title='bbox 1139 305 1181 348; x_wconf 88' lang='lat'>6.</span> <span class='ocrx_word' id='word_1_5' title='bbox 1512 305 1569 346; x_wconf 89' lang='lat'>55</span> 
     </span>
    </p>
   </div>
   <div class='ocr_carea' id='block_1_2' title="bbox 230 420 1585 2866">
    <p class='ocr_par' dir='ltr' id='par_1_2' title="bbox 230 420 1246 475">
     <span class='ocr_line' id='line_1_2' title="bbox 230 420 1246 475; baseline -0.008 -7"><span class='ocrx_word' id='word_1_6' title='bbox 230 425 385 474; x_wconf 85' lang='lat' dir='ltr'>Vellet,</span> <span class='ocrx_word' id='word_1_7' title='bbox 405 423 485 466; x_wconf 87' lang='lat' dir='ltr'>iter</span> <span class='ocrx_word' id='word_1_8' title='bbox 508 422 679 473; x_wconf 85' lang='lat' dir='ltr'>faciens,</span> <span class='ocrx_word' id='word_1_9' title='bbox 699 429 743 463; x_wconf 92' lang='lat' dir='ltr'>et</span> <span class='ocrx_word' id='word_1_10' title='bbox 762 420 829 463; x_wconf 91' lang='lat' dir='ltr'>cui</span> <span class='ocrx_word' id='word_1_11' title='bbox 849 420 1093 463; x_wconf 84' lang='lat' dir='ltr'>concredere</span> <span class='ocrx_word' id='word_1_12' title='bbox 1112 433 1246 475; x_wconf 86' lang='lat' dir='ltr'>nugas</span> 
     </span>
    </p>

    <p class='ocr_par' dir='ltr' id='par_1_3' title="bbox 230 486 1567 685">
     <span class='ocr_line' id='line_1_3' title="bbox 231 486 1566 550; baseline -0.006 -13"><span class='ocrx_word' id='word_1_13' title='bbox 231 495 330 536; x_wconf 89' lang='lat' dir='ltr'>Hoc</span> <span class='ocrx_word' id='word_1_14' title='bbox 341 506 473 550; x_wconf 83' lang='lat' dir='ltr'>genus</span> <span class='ocrx_word' id='word_1_15' title='bbox 486 508 500 541; x_wconf 74' lang='grc' dir='ltr'>ς</span> <span class='ocrx_word' id='word_1_16' title='bbox 534 491 655 532; x_wconf 88' lang='lat' dir='ltr'>Hora</span> <span class='ocrx_word' id='word_1_17' title='bbox 666 496 792 544; x_wconf 87' lang='lat' dir='ltr'>quota</span> <span class='ocrx_word' id='word_1_18' title='bbox 800 496 864 530; x_wconf 88' lang='lat' dir='ltr'>est</span> <span class='ocrx_word' id='word_1_19' title='bbox 882 489 900 528; x_wconf 86' lang='lat'>?</span> <span class='ocrx_word' id='word_1_20' title='bbox 924 486 1072 528; x_wconf 85' lang='lat' dir='ltr'><strong>Threx</strong></span> <span class='ocrx_word' id='word_1_21' title='bbox 1085 496 1147 528; x_wconf 91' lang='lat' dir='ltr'>est</span> <span class='ocrx_word' id='word_1_22' title='bbox 1164 486 1335 529; x_wconf 83' lang='lat' dir='ltr'>Gallina</span> <span class='ocrx_word' id='word_1_23' title='bbox 1349 487 1454 542; x_wconf 90' lang='lat' dir='ltr'>Syro</span> <span class='ocrx_word' id='word_1_24' title='bbox 1465 489 1566 544; x_wconf 82' lang='lat' dir='ltr'>par?</span> 
     </span>
     <span class='ocr_line' id='line_1_4' title="bbox 231 553 1567 615; baseline -0.01 -10"><span class='ocrx_word' id='word_1_25' title='bbox 231 560 449 606; x_wconf 84' lang='lat' dir='ltr'>Matutina</span> <span class='ocrx_word' id='word_1_26' title='bbox 466 571 615 615; x_wconf 84' lang='lat' dir='ltr'>pamm</span> <span class='ocrx_word' id='word_1_27' title='bbox 635 563 778 599; x_wconf 85' lang='lat' dir='ltr'>cautos</span> <span class='ocrx_word' id='word_1_28' title='bbox 790 555 880 611; x_wconf 85' lang='lat' dir='ltr'>jam</span> <span class='ocrx_word' id='word_1_29' title='bbox 893 553 1048 610; x_wconf 85' lang='lat' dir='ltr'>frigora</span> <span class='ocrx_word' id='word_1_30' title='bbox 1070 554 1285 596; x_wconf 85' lang='lat' dir='ltr'>mordent:</span> <span class='ocrx_word' id='word_1_31' title='bbox 1511 557 1567 597; x_wconf 79' lang='lat'>45</span> 
     </span>
     <span class='ocr_line' id='line_1_5' title="bbox 230 609 1339 685; baseline -0.009 -13"><span class='ocrx_word' id='word_1_32' title='bbox 230 630 292 672; x_wconf 81' lang='lat' dir='ltr'>Et</span> <span class='ocrx_word' id='word_1_33' title='bbox 310 642 406 685; x_wconf 82' lang='lat' dir='ltr'>quae</span> <span class='ocrx_word' id='word_1_34' title='bbox 423 626 575 668; x_wconf 88' lang='lat' dir='ltr'>rimosa</span> <span class='ocrx_word' id='word_1_35' title='bbox 593 624 698 667; x_wconf 90' lang='lat' dir='ltr'>bene</span> <span class='ocrx_word' id='word_1_36' title='bbox 717 623 985 678; x_wconf 89' lang='lat' dir='ltr'>deponuntur</span> <span class='ocrx_word' id='word_1_37' title='bbox 1003 622 1048 664; x_wconf 92' lang='lat' dir='ltr'>in</span> <span class='ocrx_word' id='word_1_38' title='bbox 1068 637 1181 664; x_wconf 85' lang='lat' dir='ltr'>aure.</span> <span class='ocrx_word' id='word_1_39' title='bbox 1327 609 1339 620; x_wconf 64' lang='lat'>⁵</span> 
     </span>
    </p>

    <p class='ocr_par' dir='ltr' id='par_1_4' title="bbox 231 689 1421 815">
     <span class='ocr_line' id='line_1_6' title="bbox 231 689 1421 748; baseline -0.008 -9"><span class='ocrx_word' id='word_1_40' title='bbox 231 698 316 739; x_wconf 89' lang='lat' dir='ltr'>Per</span> <span class='ocrx_word' id='word_1_41' title='bbox 334 702 466 738; x_wconf 90' lang='lat' dir='ltr'>totum</span> <span class='ocrx_word' id='word_1_42' title='bbox 487 692 567 736; x_wconf 90' lang='lat' dir='ltr'>hoc</span> <span class='ocrx_word' id='word_1_43' title='bbox 588 700 752 748; x_wconf 86' lang='lat' dir='ltr'>tempus</span> <span class='ocrx_word' id='word_1_44' title='bbox 773 690 995 747; x_wconf 88' lang='lat' dir='ltr'>subjectior</span> <span class='ocrx_word' id='word_1_45' title='bbox 1014 689 1058 732; x_wconf 89' lang='lat' dir='ltr'>in</span> <span class='ocrx_word' id='word_1_46' title='bbox 1079 689 1189 732; x_wconf 87' lang='lat' dir='ltr'>diem</span> <span class='ocrx_word' id='word_1_47' title='bbox 1208 697 1250 732; x_wconf 92' lang='lat' dir='ltr'>et</span> <span class='ocrx_word' id='word_1_48' title='bbox 1279 689 1421 731; x_wconf 85' lang='lat' dir='ltr'>horam</span> 
     </span>
     <span class='ocr_line' id='line_1_7' title="bbox 231 759 1188 815; baseline -0.006 -8"><span class='ocrx_word' id='word_1_49' title='bbox 231 763 428 808; x_wconf 81' lang='lat' dir='ltr'>Invidiae.</span> <span class='ocrx_word' id='word_1_50' title='bbox 488 762 643 804; x_wconf 85' lang='lat' dir='ltr'>Noster</span> <span class='ocrx_word' id='word_1_51' title='bbox 661 759 784 802; x_wconf 85' lang='lat' dir='ltr'>ludos</span> <span class='ocrx_word' id='word_1_52' title='bbox 805 766 1061 815; x_wconf 89' lang='lat' dir='ltr'>spectaverat</span> <span class='ocrx_word' id='word_1_53' title='bbox 1080 773 1188 806; x_wconf 85' lang='lat' dir='ltr'>una;</span> 
     </span>
    </p>

    <p class='ocr_par' dir='ltr' id='par_1_5' title="bbox 231 826 1264 884">
     <span class='ocr_line' id='line_1_8' title="bbox 231 826 1264 884; baseline -0.005 -11"><span class='ocrx_word' id='word_1_54' title='bbox 231 831 412 875; x_wconf 84' lang='lat' dir='ltr'>Luserat</span> <span class='ocrx_word' id='word_1_55' title='bbox 430 829 476 871; x_wconf 91' lang='lat' dir='ltr'>in</span> <span class='ocrx_word' id='word_1_56' title='bbox 498 830 683 884; x_wconf 81' lang='lat' dir='ltr'>Campo3</span> <span class='ocrx_word' id='word_1_57' title='bbox 715 828 916 870; x_wconf 86' lang='lat' dir='ltr'>Fortunae</span> <span class='ocrx_word' id='word_1_58' title='bbox 937 826 1071 876; x_wconf 75' lang='lat' dir='ltr'>filius3</span> <span class='ocrx_word' id='word_1_59' title='bbox 1106 841 1264 869; x_wconf 86' lang='lat' dir='ltr'>omnes.</span> 
     </span>
    </p>

    <p class='ocr_par' dir='ltr' id='par_1_6' title="bbox 232 895 1568 1090">
     <span class='ocr_line' id='line_1_9' title="bbox 232 895 1568 956; baseline -0.005 -13"><span class='ocrx_word' id='word_1_60' title='bbox 232 899 432 956; x_wconf 86' lang='lat' dir='ltr'>Frigidus</span> <span class='ocrx_word' id='word_1_61' title='bbox 451 913 476 940; x_wconf 91' lang='lat' dir='ltr'>a</span> <span class='ocrx_word' id='word_1_62' title='bbox 497 896 663 940; x_wconf 87' lang='lat' dir='ltr'>Rostris</span> <span class='ocrx_word' id='word_1_63' title='bbox 683 904 823 938; x_wconf 81' lang='lat' dir='ltr'>manat</span> <span class='ocrx_word' id='word_1_64' title='bbox 842 910 917 952; x_wconf 90' lang='lat' dir='ltr'>per</span> <span class='ocrx_word' id='word_1_65' title='bbox 937 895 1118 951; x_wconf 86' lang='lat' dir='ltr'>compita</span> <span class='ocrx_word' id='word_1_66' title='bbox 1137 909 1300 937; x_wconf 87' lang='lat' dir='ltr'>rumor:</span> <span class='ocrx_word' id='word_1_67' title='bbox 1511 896 1568 937; x_wconf 91' lang='grc'>50</span> 
     </span>
     <span class='ocr_line' id='line_1_10' title="bbox 233 962 1511 1024; baseline -0.005 -14"><span class='ocrx_word' id='word_1_68' title='bbox 233 967 482 1024; x_wconf 87' lang='lat' dir='ltr'>Quicunque</span> <span class='ocrx_word' id='word_1_69' title='bbox 501 965 648 1008; x_wconf 89' lang='lat' dir='ltr'>obvius</span> <span class='ocrx_word' id='word_1_70' title='bbox 668 972 746 1015; x_wconf 88' lang='lat' dir='ltr'>est,</span> <span class='ocrx_word' id='word_1_71' title='bbox 767 978 834 1006; x_wconf 90' lang='lat' dir='ltr'>me</span> <span class='ocrx_word' id='word_1_72' title='bbox 855 963 1059 1012; x_wconf 89' lang='lat' dir='ltr'>consulit;</span> <span class='ocrx_word' id='word_1_73' title='bbox 1095 962 1132 1010; x_wconf 67' lang='grc' dir='ltr'>ἹῘ</span> <span class='ocrx_word' id='word_1_74' title='bbox 1156 963 1194 1004; x_wconf 94' lang='lat' dir='ltr'><strong>O</strong></span> <span class='ocrx_word' id='word_1_75' title='bbox 1217 963 1322 1005; x_wconf 90' lang='lat' dir='ltr'>bone</span> <span class='ocrx_word' id='word_1_76' title='bbox 1338 963 1448 1015; x_wconf 87' lang='lat' dir='ltr'>(nam</span> <span class='ocrx_word' id='word_1_77' title='bbox 1471 970 1511 1004; x_wconf 89' lang='lat' dir='ltr'>te</span> 
     </span>
     <span class='ocr_line' id='line_1_11' title="bbox 235 1030 1355 1090; baseline -0.007 -11"><span class='ocrx_word' id='word_1_78' title='bbox 235 1036 365 1087; x_wconf 87' lang='lat' dir='ltr'>Scire,</span> <span class='ocrx_word' id='word_1_79' title='bbox 387 1036 504 1078; x_wconf 86' lang='lat' dir='ltr'>Deos</span> <span class='ocrx_word' id='word_1_80' title='bbox 523 1033 718 1090; x_wconf 87' lang='lat' dir='ltr'>quoniam</span> <span class='ocrx_word' id='word_1_81' title='bbox 739 1032 911 1088; x_wconf 87' lang='lat' dir='ltr'>propius</span> <span class='ocrx_word' id='word_1_82' title='bbox 931 1030 1152 1086; x_wconf 89' lang='lat' dir='ltr'>contingis,</span> <span class='ocrx_word' id='word_1_83' title='bbox 1173 1032 1355 1086; x_wconf 84' lang='lat' dir='ltr'>oportet)</span> 
     </span>
    </p>

    <p class='ocr_par' dir='ltr' id='par_1_7' title="bbox 234 1100 1551 1230">
     <span class='ocr_line' id='line_1_12' title="bbox 234 1100 1551 1161; baseline -0.005 -13"><span class='ocrx_word' id='word_1_84' title='bbox 234 1106 351 1148; x_wconf 92' lang='lat' dir='ltr'>Num</span> <span class='ocrx_word' id='word_1_85' title='bbox 371 1103 473 1161; x_wconf 88' lang='lat' dir='ltr'>quid</span> <span class='ocrx_word' id='word_1_86' title='bbox 493 1104 546 1146; x_wconf 89' lang='lat' dir='ltr'>de</span> <span class='ocrx_word' id='word_1_87' title='bbox 566 1102 695 1145; x_wconf 88' lang='lat' dir='ltr'>Dacis</span> <span class='ocrx_word' id='word_1_88' title='bbox 716 1101 904 1144; x_wconf 85' lang='lat' dir='ltr'>audisti?</span> <span class='ocrx_word' id='word_1_89' title='bbox 939 1101 976 1148; x_wconf 65' lang='grc' dir='ltr'>ἽῙ</span> <span class='ocrx_word' id='word_1_90' title='bbox 996 1100 1071 1142; x_wconf 95' lang='lat' dir='ltr'>Nil</span> <span class='ocrx_word' id='word_1_91' title='bbox 1091 1101 1298 1158; x_wconf 86' lang='lat' dir='ltr'>equidem.</span> <span class='ocrx_word' id='word_1_92' title='bbox 1358 1100 1396 1148; x_wconf 65' lang='grc' dir='ltr'>ῚῘ</span> <span class='ocrx_word' id='word_1_93' title='bbox 1418 1101 1482 1142; x_wconf 87' lang='lat' dir='ltr'>Ut</span> <span class='ocrx_word' id='word_1_94' title='bbox 1505 1108 1551 1142; x_wconf 90' lang='lat' dir='ltr'>tu</span> 
     </span>
     <span class='ocr_line' id='line_1_13' title="bbox 237 1168 1492 1230; baseline -0.006 -13"><span class='ocrx_word' id='word_1_95' title='bbox 237 1176 409 1230; x_wconf 87' lang='lat' dir='ltr'>Semper</span> <span class='ocrx_word' id='word_1_96' title='bbox 428 1173 508 1216; x_wconf 87' lang='lat' dir='ltr'>eris</span> <span class='ocrx_word' id='word_1_97' title='bbox 528 1171 711 1214; x_wconf 86' lang='lat' dir='ltr'>derisor!</span> <span class='ocrx_word' id='word_1_98' title='bbox 776 1171 814 1218; x_wconf 68' lang='grc' dir='ltr'>ἽῙ</span> <span class='ocrx_word' id='word_1_99' title='bbox 838 1171 902 1211; x_wconf 91' lang='lat' dir='ltr'>At</span> <span class='ocrx_word' id='word_1_100' title='bbox 925 1183 1066 1210; x_wconf 89' lang='lat' dir='ltr'>omnes</span> <span class='ocrx_word' id='word_1_101' title='bbox 1087 1169 1158 1210; x_wconf 93' lang='lat' dir='ltr'>DI</span> <span class='ocrx_word' id='word_1_102' title='bbox 1181 1168 1393 1224; x_wconf 84' lang='lat' dir='ltr'>exagitent</span> <span class='ocrx_word' id='word_1_103' title='bbox 1411 1183 1492 1219; x_wconf 91' lang='lat' dir='ltr'>me,</span> 
     </span>
    </p>

    <p class='ocr_par' dir='ltr' id='par_1_8' title="bbox 234 1235 1571 1356">
     <span class='ocr_line' id='line_1_14' title="bbox 237 1235 1571 1299; baseline -0.004 -14"><span class='ocrx_word' id='word_1_104' title='bbox 237 1243 284 1285; x_wconf 92' lang='lat' dir='ltr'>Si</span> <span class='ocrx_word' id='word_1_105' title='bbox 302 1242 536 1299; x_wconf 85' lang='lat' dir='ltr'>quicquam.</span> <span class='ocrx_word' id='word_1_106' title='bbox 569 1240 607 1287; x_wconf 64' lang='grc' dir='ltr'>ἾῘ</span> <span class='ocrx_word' id='word_1_107' title='bbox 632 1239 776 1291; x_wconf 82' lang='lat' dir='ltr'>Quid?</span> <span class='ocrx_word' id='word_1_108' title='bbox 808 1236 1010 1280; x_wconf 88' lang='lat' dir='ltr'>militibus</span> <span class='ocrx_word' id='word_1_109' title='bbox 1026 1235 1226 1292; x_wconf 81' lang='lat' dir='ltr'>promissa</span> <span class='ocrx_word' id='word_1_110' title='bbox 1248 1237 1474 1292; x_wconf 83' lang='lat' dir='ltr'>Triquetra</span> <span class='ocrx_word' id='word_1_111' title='bbox 1515 1238 1571 1279; x_wconf 86' lang='lat'>55</span> 
     </span>
     <span class='ocr_line' id='line_1_15' title="bbox 234 1304 1292 1356; baseline -0.009 -2"><span class='ocrx_word' id='word_1_112' title='bbox 234 1310 403 1353; x_wconf 82' lang='lat' dir='ltr'>Praedia</span> <span class='ocrx_word' id='word_1_113' title='bbox 424 1310 591 1356; x_wconf 62' lang='lat' dir='ltr'>Caesam</span> <span class='ocrx_word' id='word_1_114' title='bbox 624 1323 677 1350; x_wconf 87' lang='lat' dir='ltr'>an</span> <span class='ocrx_word' id='word_1_115' title='bbox 699 1315 762 1350; x_wconf 90' lang='lat' dir='ltr'>est</span> <span class='ocrx_word' id='word_1_116' title='bbox 784 1306 895 1348; x_wconf 88' lang='lat' dir='ltr'>Itala</span> <span class='ocrx_word' id='word_1_117' title='bbox 915 1304 1064 1348; x_wconf 83' lang='lat' dir='ltr'>tellure</span> <span class='ocrx_word' id='word_1_118' title='bbox 1084 1304 1258 1346; x_wconf 87' lang='lat' dir='ltr'>daturus</span> <span class='ocrx_word' id='word_1_119' title='bbox 1275 1307 1292 1345; x_wconf 88' lang='lat'>?</span> 
     </span>
    </p>

    <p class='ocr_par' dir='ltr' id='par_1_9' title="bbox 236 1373 1239 1422">
     <span class='ocr_line' id='line_1_16' title="bbox 236 1373 1239 1422; baseline -0.009 0"><span class='ocrx_word' id='word_1_120' title='bbox 236 1381 268 1422; x_wconf 84' lang='lat' dir='ltr'>J</span> <span class='ocrx_word' id='word_1_121' title='bbox 270 1387 460 1422; x_wconf 87' lang='lat' dir='ltr'>urantem</span> <span class='ocrx_word' id='word_1_122' title='bbox 481 1392 547 1420; x_wconf 90' lang='lat' dir='ltr'>me</span> <span class='ocrx_word' id='word_1_123' title='bbox 569 1376 673 1419; x_wconf 90' lang='lat' dir='ltr'>scire</span> <span class='ocrx_word' id='word_1_124' title='bbox 692 1375 800 1417; x_wconf 91' lang='lat' dir='ltr'>nihil</span> <span class='ocrx_word' id='word_1_125' title='bbox 820 1373 1023 1416; x_wconf 81' lang='lat' dir='ltr'>mirantur</span> <span class='ocrx_word' id='word_1_126' title='bbox 1042 1380 1090 1415; x_wconf 92' lang='lat' dir='ltr'>ut</span> <span class='ocrx_word' id='word_1_127' title='bbox 1109 1387 1239 1414; x_wconf 90' lang='lat' dir='ltr'>unum</span> 
     </span>
    </p>

    <p class='ocr_par' dir='ltr' id='par_1_10' title="bbox 239 1441 1170 1503">
     <span class='ocr_line' id='line_1_17' title="bbox 239 1441 1170 1503; baseline -0.006 -13"><span class='ocrx_word' id='word_1_128' title='bbox 239 1447 408 1491; x_wconf 88' lang='lat' dir='ltr'>Scilicet</span> <span class='ocrx_word' id='word_1_129' title='bbox 427 1444 585 1503; x_wconf 85' lang='lat' dir='ltr'>egregii</span> <span class='ocrx_word' id='word_1_130' title='bbox 606 1444 822 1487; x_wconf 86' lang='lat' dir='ltr'>mortalem</span> <span class='ocrx_word' id='word_1_131' title='bbox 843 1442 998 1498; x_wconf 88' lang='lat' dir='ltr'>altique</span> <span class='ocrx_word' id='word_1_132' title='bbox 1019 1441 1170 1484; x_wconf 80' lang='lat' dir='ltr'>silenti.</span> 
     </span>
    </p>

    <p class='ocr_par' dir='ltr' id='par_1_11' title="bbox 239 1508 1339 1562">
     <span class='ocr_line' id='line_1_18' title="bbox 239 1508 1339 1562; baseline -0.007 -3"><span class='ocrx_word' id='word_1_133' title='bbox 239 1516 437 1560; x_wconf 85' lang='lat' dir='ltr'>Perditur</span> <span class='ocrx_word' id='word_1_134' title='bbox 450 1514 543 1557; x_wconf 82' lang='lat' dir='ltr'>haec</span> <span class='ocrx_word' id='word_1_135' title='bbox 563 1513 671 1555; x_wconf 92' lang='lat' dir='ltr'>inter</span> <span class='ocrx_word' id='word_1_136' title='bbox 690 1512 837 1554; x_wconf 89' lang='lat' dir='ltr'>misero</span> <span class='ocrx_word' id='word_1_137' title='bbox 856 1511 945 1562; x_wconf 90' lang='lat' dir='ltr'>lux,</span> <span class='ocrx_word' id='word_1_138' title='bbox 967 1524 1051 1552; x_wconf 90' lang='lat' dir='ltr'>non</span> <span class='ocrx_word' id='word_1_139' title='bbox 1072 1509 1160 1551; x_wconf 91' lang='lat' dir='ltr'>sine</span> <span class='ocrx_word' id='word_1_140' title='bbox 1180 1508 1287 1550; x_wconf 91' lang='lat' dir='ltr'>votis</span> <span class='ocrx_word' id='word_1_141' title='bbox 1304 1524 1313 1551; x_wconf 91' lang='lat'>:</span> <span class='ocrx_word' id='word_1_142' title='bbox 1337 1555 1339 1557; x_wconf 47' lang='grc'><strong>,</strong></span> 
     </span>
    </p>

    <p class='ocr_par' dir='ltr' id='par_1_12' title="bbox 241 1576 1575 1777">
     <span class='ocr_line' id='line_1_19' title="bbox 241 1576 1575 1640; baseline -0.005 -13"><span class='ocrx_word' id='word_1_143' title='bbox 241 1586 280 1627; x_wconf 94' lang='grc' dir='ltr'>Ο</span> <span class='ocrx_word' id='word_1_144' title='bbox 300 1599 371 1626; x_wconf 89' lang='lat' dir='ltr'>rus</span> <span class='ocrx_word' id='word_1_145' title='bbox 392 1582 559 1640; x_wconf 79' lang='lat' dir='ltr'>quando</span> <span class='ocrx_word' id='word_1_146' title='bbox 579 1595 656 1637; x_wconf 91' lang='lat' dir='ltr'>ego</span> <span class='ocrx_word' id='word_1_147' title='bbox 677 1588 717 1623; x_wconf 89' lang='lat' dir='ltr'>te</span> <span class='ocrx_word' id='word_1_148' title='bbox 736 1578 934 1635; x_wconf 84' lang='lat' dir='ltr'>aspiciam</span> <span class='ocrx_word' id='word_1_149' title='bbox 951 1579 968 1619; x_wconf 82' lang='lat'>?</span> <span class='ocrx_word' id='word_1_150' title='bbox 999 1577 1247 1634; x_wconf 89' lang='lat' dir='ltr'>quandoque</span> <span class='ocrx_word' id='word_1_151' title='bbox 1268 1576 1425 1628; x_wconf 87' lang='lat' dir='ltr'>licebit,</span> <span class='ocrx_word' id='word_1_152' title='bbox 1516 1577 1575 1621; x_wconf 92' lang='grc'>60</span> 
     </span>
     <span class='ocr_line' id='line_1_20' title="bbox 242 1644 1429 1698; baseline -0.008 -2"><span class='ocrx_word' id='word_1_153' title='bbox 242 1654 368 1696; x_wconf 88' lang='lat' dir='ltr'>Nunc</span> <span class='ocrx_word' id='word_1_154' title='bbox 383 1661 569 1695; x_wconf 87' lang='lat' dir='ltr'>veterum</span> <span class='ocrx_word' id='word_1_155' title='bbox 589 1648 720 1698; x_wconf 88' lang='lat' dir='ltr'>libris,</span> <span class='ocrx_word' id='word_1_156' title='bbox 741 1661 853 1689; x_wconf 89' lang='lat' dir='ltr'>nunc</span> <span class='ocrx_word' id='word_1_157' title='bbox 874 1660 1017 1689; x_wconf 89' lang='lat' dir='ltr'>somno</span> <span class='ocrx_word' id='word_1_158' title='bbox 1036 1653 1078 1688; x_wconf 89' lang='lat' dir='ltr'>et</span> <span class='ocrx_word' id='word_1_159' title='bbox 1097 1644 1297 1687; x_wconf 89' lang='lat' dir='ltr'>inertibus</span> <span class='ocrx_word' id='word_1_160' title='bbox 1318 1644 1429 1687; x_wconf 89' lang='lat' dir='ltr'>horis</span> 
     </span>
     <span class='ocr_line' id='line_1_21' title="bbox 242 1714 1129 1777; baseline -0.011 -12"><span class='ocrx_word' id='word_1_161' title='bbox 242 1723 410 1764; x_wconf 89' lang='lat' dir='ltr'>Ducere</span> <span class='ocrx_word' id='word_1_162' title='bbox 430 1719 603 1777; x_wconf 75' lang='lat' dir='ltr'>solicitae</span> <span class='ocrx_word' id='word_1_163' title='bbox 617 1716 806 1773; x_wconf 82' lang='lat' dir='ltr'>jucunda</span> <span class='ocrx_word' id='word_1_164' title='bbox 826 1714 980 1756; x_wconf 86' lang='lat' dir='ltr'>oblivia</span> <span class='ocrx_word' id='word_1_165' title='bbox 1000 1714 1129 1755; x_wconf 85' lang='lat' dir='ltr'>vitae?</span> 
     </span>
    </p>

    <p class='ocr_par' dir='ltr' id='par_1_13' title="bbox 243 1781 1299 1848">
     <span class='ocr_line' id='line_1_22' title="bbox 243 1781 1299 1848; baseline -0.01 -14"><span class='ocrx_word' id='word_1_166' title='bbox 243 1791 283 1834; x_wconf 93' lang='grc' dir='ltr'>Ο</span> <span class='ocrx_word' id='word_1_167' title='bbox 303 1789 471 1848; x_wconf 90' lang='lat' dir='ltr'>quando</span> <span class='ocrx_word' id='word_1_168' title='bbox 489 1788 587 1830; x_wconf 85' lang='lat' dir='ltr'>faba</span> <span class='ocrx_word' id='word_1_169' title='bbox 607 1785 861 1842; x_wconf 87' lang='lat' dir='ltr'>Pythagorae</span> <span class='ocrx_word' id='word_1_170' title='bbox 882 1791 1072 1838; x_wconf 83' lang='lat' dir='ltr'>cognata,</span> <span class='ocrx_word' id='word_1_171' title='bbox 1094 1781 1299 1838; x_wconf 89' lang='lat' dir='ltr'>simulque</span> 
     </span>
    </p>

    <p class='ocr_par' dir='ltr' id='par_1_14' title="bbox 242 1850 1279 1911">
     <span class='ocr_line' id='line_1_23' title="bbox 242 1850 1279 1911; baseline -0.011 -10"><span class='ocrx_word' id='word_1_172' title='bbox 242 1858 388 1900; x_wconf 86' lang='lat' dir='ltr'>Uncta</span> <span class='ocrx_word' id='word_1_173' title='bbox 408 1856 508 1899; x_wconf 85' lang='lat' dir='ltr'>satis</span> <span class='ocrx_word' id='word_1_174' title='bbox 526 1853 675 1911; x_wconf 87' lang='lat' dir='ltr'>pingui</span> <span class='ocrx_word' id='word_1_175' title='bbox 694 1860 902 1909; x_wconf 90' lang='lat' dir='ltr'>ponentur</span> <span class='ocrx_word' id='word_1_176' title='bbox 922 1850 1107 1894; x_wconf 86' lang='lat' dir='ltr'>oluscula</span> <span class='ocrx_word' id='word_1_177' title='bbox 1128 1850 1279 1898; x_wconf 85' lang='lat' dir='ltr'>lardo?</span> 
     </span>
    </p>

    <p class='ocr_par' dir='ltr' id='par_1_15' title="bbox 244 1917 1580 2048">
     <span class='ocr_line' id='line_1_24' title="bbox 245 1917 1580 1979; baseline -0.006 -10"><span class='ocrx_word' id='word_1_178' title='bbox 245 1927 284 1969; x_wconf 94' lang='grc' dir='ltr'>Ο</span> <span class='ocrx_word' id='word_1_179' title='bbox 304 1933 446 1968; x_wconf 87' lang='lat' dir='ltr'>noctes</span> <span class='ocrx_word' id='word_1_180' title='bbox 467 1937 678 1979; x_wconf 83' lang='lat' dir='ltr'>coenaeque</span> <span class='ocrx_word' id='word_1_181' title='bbox 698 1920 822 1965; x_wconf 75' lang='lat' dir='ltr'>defim</span> <span class='ocrx_word' id='word_1_182' title='bbox 840 1923 849 1963; x_wconf 73' lang='grc' dir='ltr'><strong>Ξ</strong></span> <span class='ocrx_word' id='word_1_183' title='bbox 873 1919 1023 1976; x_wconf 83' lang='lat' dir='ltr'>quibus</span> <span class='ocrx_word' id='word_1_184' title='bbox 1043 1919 1132 1975; x_wconf 87' lang='lat' dir='ltr'>ipse</span> <span class='ocrx_word' id='word_1_185' title='bbox 1152 1918 1328 1974; x_wconf 89' lang='lat' dir='ltr'>meique,</span> <span class='ocrx_word' id='word_1_186' title='bbox 1351 1929 1354 1931; x_wconf 70' lang='grc'><strong>’</strong></span> <span class='ocrx_word' id='word_1_187' title='bbox 1523 1917 1580 1962; x_wconf 88' lang='grc'>65</span> 
     </span>
     <span class='ocr_line' id='line_1_25' title="bbox 244 1990 1376 2048; baseline -0.007 -11"><span class='ocrx_word' id='word_1_188' title='bbox 244 1995 363 2037; x_wconf 88' lang='lat' dir='ltr'>Ante</span> <span class='ocrx_word' id='word_1_189' title='bbox 380 1994 509 2036; x_wconf 91' lang='lat' dir='ltr'>larem</span> <span class='ocrx_word' id='word_1_190' title='bbox 529 1990 743 2048; x_wconf 86' lang='lat' dir='ltr'>proprium</span> <span class='ocrx_word' id='word_1_191' title='bbox 758 2003 915 2039; x_wconf 84' lang='lat' dir='ltr'>vescor,</span> <span class='ocrx_word' id='word_1_192' title='bbox 938 2002 1166 2043; x_wconf 82' lang='lat' dir='ltr'>vernasque</span> <span class='ocrx_word' id='word_1_193' title='bbox 1185 2002 1376 2042; x_wconf 85' lang='lat' dir='ltr'>procaces</span> 
     </span>
    </p>

    <p class='ocr_par' dir='ltr' id='par_1_16' title="bbox 245 2056 1359 2116">
     <span class='ocr_line' id='line_1_26' title="bbox 245 2056 1359 2116; baseline -0.008 -10"><span class='ocrx_word' id='word_1_194' title='bbox 245 2063 377 2105; x_wconf 88' lang='lat' dir='ltr'>Pasco</span> <span class='ocrx_word' id='word_1_195' title='bbox 395 2060 536 2104; x_wconf 86' lang='lat' dir='ltr'>libatis</span> <span class='ocrx_word' id='word_1_196' title='bbox 557 2058 745 2116; x_wconf 89' lang='lat' dir='ltr'>dapibus.</span> <span class='ocrx_word' id='word_1_197' title='bbox 808 2059 942 2099; x_wconf 87' lang='lat' dir='ltr'>Prout</span> <span class='ocrx_word' id='word_1_198' title='bbox 963 2056 1112 2112; x_wconf 88' lang='lat' dir='ltr'>cuique</span> <span class='ocrx_word' id='word_1_199' title='bbox 1133 2056 1261 2098; x_wconf 88' lang='lat' dir='ltr'>libido</span> <span class='ocrx_word' id='word_1_200' title='bbox 1282 2065 1359 2107; x_wconf 85' lang='lat' dir='ltr'>est,</span> 
     </span>
    </p>

    <p class='ocr_par' dir='ltr' id='par_1_17' title="bbox 249 2124 1177 2185">
     <span class='ocr_line' id='line_1_27' title="bbox 249 2124 1177 2185; baseline -0.009 -12"><span class='ocrx_word' id='word_1_201' title='bbox 249 2131 388 2173; x_wconf 88' lang='lat' dir='ltr'>Siccat</span> <span class='ocrx_word' id='word_1_202' title='bbox 406 2128 632 2185; x_wconf 78' lang='lat' dir='ltr'>inaequales</span> <span class='ocrx_word' id='word_1_203' title='bbox 653 2127 800 2170; x_wconf 87' lang='lat' dir='ltr'>calices</span> <span class='ocrx_word' id='word_1_204' title='bbox 822 2124 997 2168; x_wconf 86' lang='lat' dir='ltr'>conviva</span> <span class='ocrx_word' id='word_1_205' title='bbox 1017 2124 1177 2166; x_wconf 87' lang='lat' dir='ltr'>solutus</span> 
     </span>
    </p>

    <p class='ocr_par' dir='ltr' id='par_1_18' title="bbox 248 2192 1249 2253">
     <span class='ocr_line' id='line_1_28' title="bbox 248 2192 1249 2253; baseline -0.006 -13"><span class='ocrx_word' id='word_1_206' title='bbox 248 2196 437 2253; x_wconf 82' lang='lat' dir='ltr'>Legibus</span> <span class='ocrx_word' id='word_1_207' title='bbox 456 2195 612 2238; x_wconf 88' lang='lat' dir='ltr'>insanis</span> <span class='ocrx_word' id='word_1_208' title='bbox 629 2211 641 2244; x_wconf 91' lang='lat'>;</span> <span class='ocrx_word' id='word_1_209' title='bbox 675 2209 748 2237; x_wconf 90' lang='lat' dir='ltr'>seu</span> <span class='ocrx_word' id='word_1_210' title='bbox 768 2193 860 2250; x_wconf 91' lang='lat' dir='ltr'>quis</span> <span class='ocrx_word' id='word_1_211' title='bbox 882 2192 992 2248; x_wconf 88' lang='lat' dir='ltr'>capit</span> <span class='ocrx_word' id='word_1_212' title='bbox 1008 2192 1117 2234; x_wconf 85' lang='lat' dir='ltr'>acria</span> <span class='ocrx_word' id='word_1_213' title='bbox 1133 2193 1249 2235; x_wconf 87' lang='lat' dir='ltr'>fortis</span> 
     </span>
    </p>

    <p class='ocr_par' dir='ltr' id='par_1_19' title="bbox 249 2260 1584 2381">
     <span class='ocr_line' id='line_1_29' title="bbox 249 2260 1584 2316; baseline -0.005 -10"><span class='ocrx_word' id='word_1_214' title='bbox 249 2263 421 2314; x_wconf 85' lang='lat' dir='ltr'>Pocula,</span> <span class='ocrx_word' id='word_1_215' title='bbox 443 2277 517 2305; x_wconf 88' lang='lat' dir='ltr'>seu</span> <span class='ocrx_word' id='word_1_216' title='bbox 535 2261 709 2304; x_wconf 89' lang='lat' dir='ltr'>modicis</span> <span class='ocrx_word' id='word_1_217' title='bbox 730 2260 889 2303; x_wconf 84' lang='lat' dir='ltr'>uvescit</span> <span class='ocrx_word' id='word_1_218' title='bbox 908 2260 1060 2302; x_wconf 84' lang='lat' dir='ltr'>laetius.</span> <span class='ocrx_word' id='word_1_219' title='bbox 1120 2262 1238 2316; x_wconf 86' lang='lat' dir='ltr'>Ergo</span> <span class='ocrx_word' id='word_1_220' title='bbox 1526 2260 1584 2315; x_wconf 84' lang='grc'>70</span> 
     </span>
     <span class='ocr_line' id='line_1_30' title="bbox 252 2329 1295 2381; baseline -0.004 -6"><span class='ocrx_word' id='word_1_221' title='bbox 252 2333 395 2374; x_wconf 88' lang='lat' dir='ltr'>Sermo</span> <span class='ocrx_word' id='word_1_222' title='bbox 415 2331 546 2374; x_wconf 89' lang='lat' dir='ltr'>oritur</span> <span class='ocrx_word' id='word_1_223' title='bbox 563 2345 647 2372; x_wconf 91' lang='lat' dir='ltr'>non</span> <span class='ocrx_word' id='word_1_224' title='bbox 666 2330 719 2372; x_wconf 91' lang='lat' dir='ltr'>de</span> <span class='ocrx_word' id='word_1_225' title='bbox 740 2329 850 2371; x_wconf 88' lang='lat' dir='ltr'>villis</span> <span class='ocrx_word' id='word_1_226' title='bbox 872 2329 1115 2371; x_wconf 89' lang='lat' dir='ltr'>domibusve</span> <span class='ocrx_word' id='word_1_227' title='bbox 1135 2329 1295 2381; x_wconf 90' lang='lat' dir='ltr'>alienis,</span> 
     </span>
    </p>

    <p class='ocr_par' dir='ltr' id='par_1_20' title="bbox 250 2397 1513 2587">
     <span class='ocr_line' id='line_1_31' title="bbox 250 2397 1513 2454; baseline -0.002 -12"><span class='ocrx_word' id='word_1_228' title='bbox 250 2401 357 2452; x_wconf 91' lang='lat' dir='ltr'>Nec,</span> <span class='ocrx_word' id='word_1_229' title='bbox 378 2399 486 2442; x_wconf 84' lang='lat' dir='ltr'>male</span> <span class='ocrx_word' id='word_1_230' title='bbox 501 2414 632 2441; x_wconf 87' lang='lat' dir='ltr'>necne</span> <span class='ocrx_word' id='word_1_231' title='bbox 653 2399 794 2453; x_wconf 89' lang='lat' dir='ltr'>Lepos</span> <span class='ocrx_word' id='word_1_232' title='bbox 809 2397 957 2448; x_wconf 83' lang='lat' dir='ltr'>saltet3</span> <span class='ocrx_word' id='word_1_233' title='bbox 989 2397 1061 2439; x_wconf 89' lang='lat' dir='ltr'>sed</span> <span class='ocrx_word' id='word_1_234' title='bbox 1081 2398 1192 2453; x_wconf 92' lang='lat' dir='ltr'>quod</span> <span class='ocrx_word' id='word_1_235' title='bbox 1213 2398 1345 2454; x_wconf 87' lang='lat' dir='ltr'>magis</span> <span class='ocrx_word' id='word_1_236' title='bbox 1366 2399 1420 2440; x_wconf 86' lang='lat' dir='ltr'>ad</span> <span class='ocrx_word' id='word_1_237' title='bbox 1439 2413 1513 2440; x_wconf 87' lang='lat' dir='ltr'>nos</span> 
     </span>
     <span class='ocr_line' id='line_1_32' title="bbox 252 2465 1443 2522; baseline -0.002 -11"><span class='ocrx_word' id='word_1_238' title='bbox 252 2468 456 2519; x_wconf 87' lang='lat' dir='ltr'>Pertinet,</span> <span class='ocrx_word' id='word_1_239' title='bbox 473 2476 515 2510; x_wconf 91' lang='lat' dir='ltr'>et</span> <span class='ocrx_word' id='word_1_240' title='bbox 535 2468 692 2510; x_wconf 85' lang='lat' dir='ltr'>nescire</span> <span class='ocrx_word' id='word_1_241' title='bbox 712 2466 865 2508; x_wconf 87' lang='lat' dir='ltr'>malum</span> <span class='ocrx_word' id='word_1_242' title='bbox 888 2474 965 2514; x_wconf 82' lang='lat' dir='ltr'>est,</span> <span class='ocrx_word' id='word_1_243' title='bbox 987 2465 1215 2522; x_wconf 88' lang='lat' dir='ltr'>agitamus:</span> <span class='ocrx_word' id='word_1_244' title='bbox 1250 2476 1443 2510; x_wconf 87' lang='lat' dir='ltr'>utrumne</span> 
     </span>
     <span class='ocr_line' id='line_1_33' title="bbox 251 2533 1160 2587; baseline -0.003 -9"><span class='ocrx_word' id='word_1_245' title='bbox 251 2536 427 2578; x_wconf 91' lang='lat' dir='ltr'>Divitiis</span> <span class='ocrx_word' id='word_1_246' title='bbox 448 2535 650 2587; x_wconf 89' lang='lat' dir='ltr'>homines,</span> <span class='ocrx_word' id='word_1_247' title='bbox 671 2550 724 2578; x_wconf 88' lang='lat' dir='ltr'>an</span> <span class='ocrx_word' id='word_1_248' title='bbox 747 2534 830 2576; x_wconf 89' lang='lat' dir='ltr'>sint</span> <span class='ocrx_word' id='word_1_249' title='bbox 851 2533 1005 2576; x_wconf 89' lang='lat' dir='ltr'>virtute</span> <span class='ocrx_word' id='word_1_250' title='bbox 1026 2534 1160 2583; x_wconf 81' lang='lat' dir='ltr'>beati3</span> 
     </span>
    </p>

    <p class='ocr_par' dir='ltr' id='par_1_21' title="bbox 253 2602 1585 2730">
     <span class='ocr_line' id='line_1_34' title="bbox 254 2602 1585 2657; baseline -0.002 -10"><span class='ocrx_word' id='word_1_251' title='bbox 254 2605 420 2657; x_wconf 83' lang='lat' dir='ltr'>Quidve</span> <span class='ocrx_word' id='word_1_252' title='bbox 440 2605 494 2647; x_wconf 90' lang='lat' dir='ltr'>ad</span> <span class='ocrx_word' id='word_1_253' title='bbox 513 2604 730 2655; x_wconf 68' lang='lat' dir='ltr'>amicitias,</span> <span class='ocrx_word' id='word_1_254' title='bbox 753 2618 851 2645; x_wconf 90' lang='lat' dir='ltr'>usus</span> <span class='ocrx_word' id='word_1_255' title='bbox 871 2612 1084 2645; x_wconf 88' lang='lat' dir='ltr'>rectumne</span> <span class='ocrx_word' id='word_1_256' title='bbox 1105 2602 1244 2645; x_wconf 85' lang='lat' dir='ltr'>trahat</span> <span class='ocrx_word' id='word_1_257' title='bbox 1259 2618 1333 2645; x_wconf 92' lang='lat' dir='ltr'>nos</span> <span class='ocrx_word' id='word_1_258' title='bbox 1350 2620 1362 2650; x_wconf 85' lang='grc'>;</span> <span class='ocrx_word' id='word_1_259' title='bbox 1527 2603 1585 2656; x_wconf 90' lang='grc'>75</span> 
     </span>
     <span class='ocr_line' id='line_1_35' title="bbox 253 2671 1379 2730; baseline -0.004 -14"><span class='ocrx_word' id='word_1_260' title='bbox 253 2674 316 2716; x_wconf 85' lang='lat' dir='ltr'>Et</span> <span class='ocrx_word' id='word_1_261' title='bbox 334 2687 428 2730; x_wconf 87' lang='lat' dir='ltr'>quae</span> <span class='ocrx_word' id='word_1_262' title='bbox 449 2673 502 2715; x_wconf 91' lang='lat' dir='ltr'>sit</span> <span class='ocrx_word' id='word_1_263' title='bbox 520 2682 670 2716; x_wconf 82' lang='lat' dir='ltr'>natura</span> <span class='ocrx_word' id='word_1_264' title='bbox 689 2673 812 2720; x_wconf 87' lang='lat' dir='ltr'>boni;</span> <span class='ocrx_word' id='word_1_265' title='bbox 846 2686 1136 2727; x_wconf 86' lang='lat' dir='ltr'>summumque</span> <span class='ocrx_word' id='word_1_266' title='bbox 1157 2671 1258 2727; x_wconf 88' lang='lat' dir='ltr'>quid</span> <span class='ocrx_word' id='word_1_267' title='bbox 1277 2671 1312 2727; x_wconf 85' lang='lat' dir='ltr'>ej</span> <span class='ocrx_word' id='word_1_268' title='bbox 1320 2686 1379 2713; x_wconf 89' lang='lat' dir='ltr'>us.</span> 
     </span>
    </p>

    <p class='ocr_par' dir='ltr' id='par_1_22' title="bbox 256 2740 1152 2796">
     <span class='ocr_line' id='line_1_36' title="bbox 256 2740 1152 2796; baseline -0.003 -12"><span class='ocrx_word' id='word_1_269' title='bbox 256 2741 432 2784; x_wconf 85' lang='lat' dir='ltr'>Cervius</span> <span class='ocrx_word' id='word_1_270' title='bbox 452 2740 544 2783; x_wconf 86' lang='lat' dir='ltr'>haec</span> <span class='ocrx_word' id='word_1_271' title='bbox 565 2740 673 2785; x_wconf 88' lang='lat' dir='ltr'>inter</span> <span class='ocrx_word' id='word_1_272' title='bbox 693 2741 855 2783; x_wconf 88' lang='lat' dir='ltr'>vicinus</span> <span class='ocrx_word' id='word_1_273' title='bbox 874 2740 1002 2796; x_wconf 86' lang='lat' dir='ltr'>garrit</span> <span class='ocrx_word' id='word_1_274' title='bbox 1022 2740 1152 2782; x_wconf 90' lang='lat' dir='ltr'>aniles</span> 
     </span>
    </p>

    <p class='ocr_par' dir='ltr' id='par_1_23' title="bbox 257 2808 1226 2866">
     <span class='ocr_line' id='line_1_37' title="bbox 257 2808 1226 2866; baseline -0.002 -14"><span class='ocrx_word' id='word_1_275' title='bbox 257 2811 328 2852; x_wconf 86' lang='lat' dir='ltr'>Ex</span> <span class='ocrx_word' id='word_1_276' title='bbox 348 2825 391 2852; x_wconf 90' lang='lat' dir='ltr'>re</span> <span class='ocrx_word' id='word_1_277' title='bbox 409 2810 595 2854; x_wconf 84' lang='lat' dir='ltr'>fabellas.</span> <span class='ocrx_word' id='word_1_278' title='bbox 657 2810 797 2866; x_wconf 89' lang='lat' dir='ltr'>Siquis</span> <span class='ocrx_word' id='word_1_279' title='bbox 817 2824 911 2852; x_wconf 88' lang='lat' dir='ltr'>nam</span> <span class='ocrx_word' id='word_1_280' title='bbox 933 2809 1077 2853; x_wconf 87' lang='lat' dir='ltr'>laudat</span> <span class='ocrx_word' id='word_1_281' title='bbox 1097 2808 1226 2851; x_wconf 81' lang='lat' dir='ltr'>Arelli</span> 
     </span>
    </p>
   </div>
  </div>
 </body>
</html>
