1962 3268
315 315 372 355 28
739 328 779 358 Q.
811 327 1006 356 nonArn
1041 331 1204 360 FLAcm

315 425 475 467 Fuscus
498 425 681 467 Aristius
700 426 891 477 occurrit,
913 427 1014 469 mihi
1035 443 1167 480 carus,
1190 440 1230 473 et
1250 431 1366 473 illum

315 492 397 542 Qui
416 492 588 547 pulchre
608 493 767 534 nosset:
800 493 1080 537 consistimus:
1111 497 1240 539 Unde
1259 498 1406 540 venis?
1437 509 1492 550 et,

314 560 408 609 Quo
428 558 594 601 tendis?
625 569 755 615 rogat,
778 569 819 603 et
837 563 1067 618 respondet.
1128 565 1288 607 Vellere
1309 567 1430 622 coepi,

312 628 372 667 Et
391 639 582 681 prensare
601 640 725 669 manu
745 628 972 671 lentissima
991 629 1173 681 brachia,
1194 642 1359 683 nutans,

312 692 586 748 Distorquens
606 694 760 742 oculos,
783 703 828 737 ut
848 709 914 737 me
933 696 1130 752 eriperet:
1161 699 1267 741 male
1290 701 1420 743 salsus
1570 702 1627 744 65

312 759 472 801 Ridens
492 759 771 803 dissimulare:
802 776 937 804 meum
952 763 1072 818 jecur
1091 779 1208 807 urere
1227 766 1334 808 bilis.

312 828 435 869 Certe
454 827 589 869 nescio
608 828 708 883 quid
727 837 881 871 secreto
901 831 1006 871 velle
1026 831 1138 886 loqui
1159 841 1200 873 te

312 894 466 935 Aiebas
487 908 642 935 mecum
660 909 670 935 z
703 895 882 936 Memini
901 896 1028 944 bene;
1062 898 1134 939 sed
1153 897 1309 940 meliori

310 961 518 1015 Tempore
538 960 669 1001 dicam
685 976 695 1002 :
725 961 849 1003 hodie
869 963 1072 1005 tricesima
1092 965 1282 1007 sabbata:
1314 967 1397 1007 vin'
1418 976 1462 1008 tu

310 1027 451 1068 Curtis
472 1028 503 1067 J
506 1026 635 1068 udaeis
656 1028 888 1083 oppedere?
920 1030 1049 1072 Nulla
1069 1030 1185 1082 mihi,
1207 1032 1388 1088 inquam,
1569 1035 1625 1088 70

308 1093 491 1149 Relligio
512 1103 597 1135 est:
630 1096 693 1136 At
713 1095 792 1137 mi:
824 1110 911 1137 sum
934 1097 1056 1151 paulo
1077 1098 1288 1149 infirmior,
1309 1114 1416 1142 unus

309 1161 541 1202 Multorum
558 1177 569 1208 ;
603 1162 816 1216 ignosces;
850 1164 949 1205 alias
970 1164 1125 1220 loquar.
1186 1168 1406 1210 Hunccine
1427 1169 1550 1210 solem

309 1229 417 1270 Tam
437 1229 600 1284 nigrum
622 1244 787 1271 surrexe
806 1230 908 1270 mihi
925 1229 933 1272 !
965 1230 1073 1285 fugit
1093 1231 1317 1287 improbus,
1339 1249 1386 1276 ac
1405 1250 1471 1277 me

310 1296 396 1338 Sub
416 1297 548 1338 cultro
567 1297 729 1352 linquit.
793 1298 905 1338 Casu
924 1298 1037 1339 venit
1057 1299 1200 1341 obvius
1220 1300 1282 1342 illi

309 1364 602 1405 Adversarius:
634 1372 689 1414 et,
712 1365 805 1414 Quo
826 1373 871 1405 tu
891 1365 1156 1419 turpissime?
1188 1381 1335 1422 magna
1566 1370 1622 1424 75

307 1431 526 1471 Exclamat
546 1446 658 1481 voce,
680 1440 735 1480 et,
759 1431 880 1472 Licet
901 1432 1125 1474 antestari?
1155 1435 1251 1488 Ego
1272 1450 1367 1476 vero

309 1499 485 1551 Oppono
504 1497 752 1539 auriculam:
784 1498 891 1552 rapit
911 1498 953 1538 in
969 1498 1062 1553 jus:
1095 1499 1247 1541 clamor
1266 1503 1478 1559 utrinque:

309 1564 506 1619 Undique
524 1579 756 1606 concursus.
819 1565 887 1607 Sic
908 1579 972 1607 me
992 1567 1170 1609 servavit
1189 1569 1349 1624 Apollo.

798 1835 1032 1876 SATIRA
1065 1836 1125 1876 X.

305 1958 346 1998 N
351 1971 476 1998 EMPE
499 1956 766 2012 incomposito
785 1956 873 1998 dixi
891 1958 996 2011 pede
1016 1972 1176 1999 currere
1196 1973 1336 2000 versus

307 2024 469 2066 Lucili:
501 2023 593 2079 quis
614 2032 697 2065 tam
720 2023 858 2065 Lucili
876 2023 1012 2066 fautor
1031 2024 1169 2080 inepte
1188 2034 1264 2076 est,

305 2092 369 2133 Ut
389 2106 469 2132 non
491 2090 569 2132 hoc
587 2090 794 2132 fateatur?
856 2091 919 2131 At
938 2090 1062 2142 idem,
1084 2093 1193 2147 quod
1213 2093 1296 2134 sale
1315 2094 1446 2136 multo

305 2159 463 2200 Urbem
484 2157 691 2208 defricuit,
712 2157 855 2199 charta
873 2158 1066 2200 laudatur
1085 2160 1240 2201 eadem.

304 2226 394 2267 Nec
408 2233 546 2267 tamen
559 2224 637 2266 hoc
650 2225 848 2275 tribuens,
859 2225 1040 2267 dederim
1053 2240 1215 2282 quoque
1228 2235 1392 2269 caetera:
1410 2242 1504 2271 nam
1518 2230 1576 2272 sic
1591 2233 1618 2272 5

303 2294 363 2335 Et
385 2292 540 2334 Laberi
559 2292 719 2343 mimos,
741 2300 789 2333 ut
808 2292 981 2347 pulchra
1000 2299 1206 2348 poemata,
1228 2293 1362 2336 mirer.

302 2362 418 2415 Ergo
438 2374 521 2401 uon
541 2360 721 2402 satisest
740 2360 826 2402 risu
845 2360 1039 2402 diducere
1057 2360 1205 2402 rictum

302 2427 521 2469 Auditoris
537 2443 546 2468 :
570 2436 611 2469 et
631 2436 692 2469 est
712 2428 900 2483 quaedam
922 2436 1058 2469 tamen
1078 2427 1147 2469 hie
1165 2443 1325 2484 quoque
1348 2429 1487 2472 virtus.

302 2483 382 2536 Est
400 2495 601 2537 brevitate
620 2509 738 2549 opus,
759 2503 810 2545 ut,
825 2503 962 2536 currat
982 2495 1198 2545 sententia,
1219 2510 1301 2537 neu
1320 2511 1362 2537 se

304 2561 512 2616 Impediat
532 2561 665 2602 verbis
686 2562 812 2604 lassas
832 2561 1094 2603 onerantibus
1115 2576 1244 2603 aures.
1561 2568 1617 2609 10

302 2630 363 2670 Et
383 2642 566 2670 sermone
586 2642 688 2682 opus
709 2636 770 2669 est
789 2628 911 2669 modo
930 2627 1051 2678 tristi,
1073 2642 1181 2683 saepe
1194 2629 1353 2683 jocoso,

302 2695 562 2737 Defendente
581 2695 712 2736 vicem
733 2694 854 2736 modo
873 2694 1062 2746 rhetoris,
1085 2704 1206 2751 atque
1225 2703 1374 2751 poetae,

304 2762 517 2805 Interdum
539 2762 698 2811 urbani,
720 2762 923 2817 parcentis
945 2761 1116 2813 viribus,
1137 2771 1259 2818 atque

1958 733 1962 759 ..-
1950 652 1962 719 m..
1944 367 1962 635 mma-:ememh-ffl:;
1956 344 1962 350 ,
1937 246 1962 302 ἧκέ
1954 214 1957 217 ὴ
1945 194 1958 198 Ξ
1947 134 1962 165 11.-
