1962 3268
423 331 477 371 42
843 343 884 372 a.
915 341 1112 369 HoaA'rn
1146 341 1311 369 FLAccx

421 444 653 485 Blattarum
675 456 722 483 ac
742 441 942 483 tinearum
964 442 1112 497 epulae,
1130 449 1338 496 putrescat
1357 440 1398 481 in
1421 455 1537 482 arca:

421 508 630 552 Nimirum
653 510 819 552 insanus
839 509 980 564 paucis
1001 509 1202 561 videatur,
1222 521 1271 549 eo
1292 508 1403 563 quod
1656 509 1739 550 120

412 578 610 620 —Maxima
627 592 721 633 pars
741 576 953 618 hominum
974 577 1114 618 morbo
1127 576 1308 632 jactatur
1327 575 1483 617 eodem:

421 646 571 697 Filius,
593 654 664 687 aut
684 645 806 687 etiarn
826 644 917 686 haec
936 644 1106 686 libertus
1126 652 1174 685 ut
1193 643 1329 685 ebibat
1348 643 1493 692 haeres,

420 714 499 754 Dis
519 712 682 754 inimice
703 727 827 754 senex
847 712 1058 754 custodis?
1089 726 1141 753 ne
1162 712 1237 753 tibi
1257 712 1394 753 desit?

420 780 677 830 Quantulum
698 779 806 821 enim
828 793 998 833 summae
1019 778 1196 820 curtabit
1217 778 1389 834 quisque
1409 778 1583 829 dierum,

419 848 619 902 Unguere
638 847 673 888 si
694 847 829 888 caules
850 846 939 887 oleo
961 846 1140 896 meliore,
1163 854 1367 900 caputque
1654 847 1736 887 125

420 914 607 969 Coeperis
627 914 791 968 impexa
810 913 968 954 foedum
989 912 1196 967 porrigine
1213 915 1230 953 Ρ
1291 914 1444 964 Quare,

420 982 465 1023 Si
486 981 649 1036 quidvis
670 970 768 1022 sati's
789 989 865 1030 est,
886 980 1084 1035 perjuras,
1108 979 1291 1034 surripis,
1313 979 1447 1021 aufers

418 1050 616 1104 Undique
633 1051 648 1089 ?
682 1049 767 1088 tun'
785 1063 905 1089 sanus
923 1050 939 1088 ?
1002 1047 1209 1102 Populum
1231 1047 1265 1088 si
1281 1047 1437 1089 caedere
1457 1048 1567 1089 saxis

418 1118 612 1174 Incipias,
632 1132 819 1159 servosve
840 1125 911 1157 tuo
931 1130 1032 1171 quos
1053 1129 1134 1156 aere
1154 1112 1324 1169 pararis,

420 1187 618 1228 Insanum
642 1195 681 1227 te
702 1199 841 1226 omnes
857 1183 973 1238 pueri
994 1182 1250 1237 clamentque
1270 1182 1444 1236 puellae:
1652 1183 1736 1224 130

419 1255 525 1295 Cum
543 1254 687 1309 laqueo
708 1266 874 1293 uxorem
897 1250 1111 1300 interimis,
1133 1257 1386 1304 matremque
1406 1264 1578 1300 veneno,

419 1322 623 1363 Incolumi
640 1321 773 1376 capite
788 1322 857 1361 es?
881 1318 992 1368 Quid
1008 1317 1115 1359 enim
1134 1319 1151 1357 ?
1175 1317 1321 1371 Neque
1331 1324 1375 1357 tu
1391 1316 1471 1358 hoc
1481 1315 1583 1358 facis
1598 1315 1736 1370 Argis,

416 1392 506 1432 Nec
526 1391 632 1432 ferro
654 1397 700 1430 ut
722 1389 888 1429 demens
909 1384 1147 1441 genitricem
1169 1382 1320 1424 occidis
1341 1383 1520 1424 Orestes.

416 1460 488 1500 An
510 1467 558 1499 tu
577 1458 675 1499 reris
697 1471 788 1497 eum
812 1454 944 1495 occisa
962 1451 1161 1493 insanisse
1176 1452 1375 1504 parente?

417 1527 477 1567 Ac
497 1541 578 1567 non
600 1533 694 1566 ante
715 1522 832 1563 malis
854 1522 1083 1562 dementem
1105 1525 1241 1559 actum
1263 1516 1418 1566 Furiis,
1439 1530 1561 1570 quam
1652 1517 1737 1557 135

418 1595 469 1635 In
492 1593 632 1635 matris
646 1590 795 1647 jugulo
814 1588 966 1629 ferrum
988 1584 1179 1640 tepefecit
1200 1585 1392 1624 acutum?

417 1662 528 1712 Quin
550 1675 599 1701 ex
621 1674 700 1714 quo
721 1665 782 1699 est
802 1654 968 1698 habitus
988 1653 1094 1694 male
1115 1659 1218 1692 tutae
1240 1650 1388 1692 mentis
1410 1651 1592 1700 Orestes,

418 1729 491 1770 Nil
513 1743 608 1770 sane
629 1726 727 1768 fecit
747 1724 858 1780 quod
878 1730 925 1764 tu
944 1720 1187 1775 reprendere
1207 1719 1357 1773 possis:

417 1798 512 1837 Non
536 1794 724 1850 Pyladen
743 1792 849 1833 ferro
869 1789 1022 1831 violare
1042 1800 1216 1829 aususve
1237 1799 1412 1827 sororem

417 1864 652 1908 Electram3
686 1867 846 1901 tantum
867 1855 1076 1898 maledicit
1097 1854 1260 1909 utrique
1281 1853 1463 1894 vocando
1653 1853 1736 1894 140

416 1931 555 1980 Hanc,
574 1927 743 1969 Furiam
760 1942 771 1973 ;
805 1925 930 1973 hunc,
953 1922 1082 1972 aliud,
1092 1921 1218 1976 jussit
1238 1920 1348 1975 quod
1369 1919 1585 1974 splendida
1606 1919 1712 1961 bilis.

417 1998 581 2050 Pauper
601 1992 793 2048 Opimius
814 1989 971 2045 argenti
987 1987 1110 2043 positi
1130 1987 1241 2027 intus
1258 1994 1299 2027 et
1314 1987 1415 2036 auri,

417 2064 499 2115 Qui
523 2064 793 2105 Veientanum
814 2058 929 2100 festis
949 2064 1091 2112 potare
1110 2054 1254 2095 diebus

416 2134 628 2186 Campana
645 2128 787 2170 solitus
803 2126 940 2176 trulla,
954 2136 1210 2178 vappamque
1229 2119 1433 2176 profestis,

416 2199 635 2250 Quondam
656 2196 843 2250 lethargo
863 2191 1010 2248 grandi
1030 2197 1091 2231 est
1111 2203 1342 2244 oppressuS‚
1362 2196 1411 2229 ut
1425 2187 1557 2229 haeres
1649 2188 1733 2229 145

414 2268 444 2307 J
448 2281 511 2308 am
535 2266 687 2307 circum
707 2262 862 2305 loculos
883 2268 925 2302 et
944 2259 1078 2301 claves
1098 2257 1218 2298 laetus
1239 2260 1444 2310 ovansque

417 2337 610 2376 Curreret
627 2347 635 2372 :
666 2331 779 2372 hunc
798 2327 981 2370 medicus
1001 2324 1178 2366 multum
1199 2322 1306 2365 celer
1324 2330 1446 2378 atque
1464 2321 1577 2363 fideli

415 2403 586 2444 Excitat
604 2398 684 2441 hoc
705 2406 846 2453 pacto;
878 2407 1057 2436 mensam
1079 2392 1178 2446 poni
1192 2392 1329 2446 jubet,
1351 2399 1473 2445 atque

373 2482 375 2486 '
415 2469 589 2511 Effundi
607 2481 741 2509 saccos
762 2475 1018 2506 nummorum
1037 2477 1049 2507 ;
1084 2459 1274 2500 accedere
1291 2458 1430 2512 plures

414 2538 495 2585 Ad*
509 2534 804 2577 numerandum
821 2546 829 2570 :
851 2528 1056 2570 hominem
1075 2526 1131 2567 sic
1147 2525 1290 2579 erigit:
1314 2523 1428 2565 addit
1443 2532 1484 2564 et
1498 2523 1618 2573 illud,
1650 2524 1734 2564 150

416 2605 474 2646 Ni
495 2612 566 2644 tua
586 2599 780 2648 custodis,
803 2597 947 2639 avidus
961 2595 1048 2649 jam
1070 2593 1160 2633 haec
1181 2592 1336 2632 auferet
1356 2590 1501 2631 haeres.

352 2661 354 2664 Ι
415 2673 452 2720 ql
466 2669 684 2713 Men'v'ivo
698 2669 713 2707 ἓ
727 2666 763 2712 ql
775 2665 839 2705 Ut
848 2663 964 2703 vivas
978 2661 1119 2715 igitur,
1136 2659 1280 2713 vigila:
1295 2658 1373 2699 hoc
1387 2657 1632 2713 age.5sQuid
1643 2657 1732 2698 vis?

415 2741 452 2787 ἽῙ
476 2737 683 2780 Deficient
703 2734 865 2787 inopem
883 2744 1000 2771 venae
1022 2736 1076 2778 te,
1097 2726 1140 2767 ni
1161 2726 1276 2766 cibus
1296 2733 1418 2780 atque

417 2810 571 2862 Ingens
592 2803 759 2846 accedat
779 2797 986 2841 stomacho
1003 2795 1160 2837 fultura
1179 2793 1327 2834 ruenti.
