1962 3268
650 323 902 353 CARMINUM
938 324 1024 352 mn.
1060 326 1119 353 1v.
1153 313 1219 353 10.

330 421 523 478 Impune,
546 421 676 474 Lolli,
697 438 862 479 carpere
882 425 1032 467 lividas

326 490 580 533 Obliviones.
641 492 722 533 Est
741 492 904 534 animus
927 493 1005 535 tibi

386 559 627 614 Rerumque
642 559 839 614 prudens,
860 569 903 603 et
923 560 1116 604 secundis

440 627 718 682 Temporibus
739 628 958 685 dubiisque
976 638 1112 671 rectus
1128 645 1140 678 ;

324 693 491 736 Vindex
512 709 648 737 avarae
667 695 839 747 fraudis,
863 705 905 738 et
926 697 1137 738 abstinens

324 762 529 805 Ducentis
549 763 603 805 ad
623 777 666 805 se
686 771 835 806 cuncta
854 764 1067 819 pecuniae3

379 829 620 887 Consulque
639 845 723 873 non
744 831 867 873 unius
889 831 1004 882 anni,

439 899 522 940 Sed
542 898 702 954 quoties
722 899 855 941 bonus
874 907 998 954 atque
1017 898 1125 940 fidus

321 968 352 1008 J
356 967 466 1009 udex
484 966 705 1009 honestum
725 967 914 1023 praetulit
934 967 1044 1019 utili,
1067 976 1108 1009 et

326 1035 492 1091 Rejecit
511 1035 596 1078 alto
616 1036 725 1078 dona
744 1035 984 1078 nocentium

380 1103 526 1153 Vultu,
549 1112 590 1146 et
609 1118 683 1159 per
703 1104 914 1146 obstantes
934 1112 1120 1146 catervas

435 1172 653 1228 Explicuit
669 1187 742 1214 sua
762 1172 894 1214 victor
915 1186 1041 1215 arma.

321 1241 362 1283 N
367 1254 426 1282 on
447 1241 724 1296 possidentem
746 1241 878 1282 multa
897 1240 1108 1283 vocaveris

321 1308 454 1351 Recte
473 1309 665 1358 beatum3
698 1308 852 1351 rectius
874 1317 1049 1363 occupat

377 1377 542 1419 Nomen
557 1377 686 1429 beati,
706 1377 779 1433 qui
803 1377 990 1419 Deorum

435 1445 685 1488 Muneribus
706 1445 914 1500 sapienter
934 1445 1012 1495 uti,

319 1513 562 1569 Duramque
583 1512 705 1555 callet
725 1512 964 1568 pauperiem
985 1511 1072 1567 pati
1091 1528 1101 1559 ς

318 1580 527 1637 Pejusque
547 1581 631 1623 leto
650 1580 854 1637 flagitium
878 1581 996 1623 timet
1015 1596 1024 1620 :

374 1650 474 1692 Non
493 1649 565 1691 ille
584 1664 659 1705 pro
680 1650 783 1692 caris
802 1649 946 1691 amicis

431 1718 518 1760 Aut
538 1718 672 1774 patria
692 1717 864 1760 timidus
883 1717 1030 1773 perire.

675 1952 804 1994 ODE
839 1952 901 1993 X.
968 1953 1036 2005 (M.
1060 1953 1182 2002 xnl.)

738 2079 801 2106 An
834 2077 1117 2106 LIGURINUM.

256 2185 295 2226 Ο
317 2197 543 2225 emmens
564 2180 716 2231 adhuc,
738 2188 779 2221 et
800 2179 972 2221 Veneris
993 2179 1233 2221 muneribus
1254 2188 1417 2234 potens,

257 2253 475 2307 Insperata
495 2259 578 2292 tuae
599 2263 694 2291 cum
714 2247 853 2290 veniet
872 2247 1015 2302 pluma
1036 2248 1258 2302 superbiae,

254 2322 329 2371 Et,
350 2335 444 2376 quae
463 2333 575 2361 nunc
595 2316 778 2359 humeris
798 2315 1036 2367 involitant‚
1053 2315 1284 2358 deciderint
1305 2330 1448 2366 comae,

255 2389 381 2430 Nunc
401 2396 444 2430 et
462 2387 533 2444 qui
549 2386 660 2429 color
679 2394 742 2429 est
760 2384 949 2440 puniceae
969 2382 1068 2426 flore
1088 2384 1201 2440 prior
1220 2399 1339 2436 rosae,

254 2457 449 2499 Mutatus
471 2455 722 2512 Ligurinum
743 2455 787 2496 in
806 2453 954 2496 faciem
976 2453 1146 2496 verterit
1165 2453 1397 2509 hispidam:

254 2524 396 2576 Dices,
420 2525 521 2566 Heu
541 2526 550 2565 2
585 2522 764 2579 (quoties
786 2530 826 2564 te
846 2522 891 2563 in
911 2521 1081 2577 speculo
1100 2522 1254 2564 videris
1275 2521 1466 2573 alterum)

253 2594 359 2644 Quoe
378 2607 494 2636 mens
514 2602 576 2635 est
595 2591 735 2643 hodie,
756 2605 831 2633 cur
850 2591 992 2633 eadem
1012 2605 1096 2633 non
1115 2605 1244 2646 puero
1263 2590 1375 2632 fuit?

252 2660 332 2703 vel
352 2675 424 2703 cur
442 2660 508 2703 his
529 2660 676 2703 animis
695 2659 921 2702 incolumes
942 2674 1025 2701 non
1045 2660 1219 2702 redeunt
1239 2661 1390 2716 genae?

1516 315 1603 354 215

1543 563 1599 602 35

1543 903 1599 941 40

1547 1245 1601 1284 45

1543 1584 1599 1623 50
