1962 3268
682 322 1004 351 Errs'roLARUM
1038 306 1127 349 ιη’.
1161 323 1192 349 1.
1224 309 1293 354 19.
1572 305 1658 360 197

323 422 524 466 Prosiluit
543 422 731 465 dicenda.
794 424 824 444 ‘⁶
844 421 997 464 Forum
1018 422 1242 478 putealque
1259 421 1437 464 Libonis

322 492 352 513 “
374 490 591 533 Mandabo
611 489 744 539 siccis,
765 489 944 531 adimam
965 497 1130 532 cantare
1151 489 1342 532 severis.''

321 559 420 601 Hoc
438 557 562 600 simul
581 556 707 608 edixi,
726 571 810 598 non
830 571 1040 599 cessavere
1060 563 1196 612 poetae
1336 593 1346 602 .
1604 557 1660 598 10

320 627 538 669 Nocturno
557 633 714 667 certare
733 639 861 674 mero,
882 632 1029 679 putere
1049 625 1213 667 diurno.

321 693 469 746 Quid?
501 692 628 749 siquis
648 692 771 735 vultu
789 700 908 734 torvo
925 691 1053 744 ferus,
1075 700 1117 734 et
1136 693 1243 748 pede
1262 692 1391 743 nudo,

320 761 584 818 Exiguaeque
599 769 710 816 togae
730 760 897 802 simulet
917 767 1077 802 textore
1099 761 1317 811 Catonem,

320 829 583 871 Virtutemne
602 835 869 884 repraesentet
888 842 1103 884 moresque
1125 828 1297 871 Catonis
1315 831 1333 870 ?

320 897 459 953 Rupit
480 896 682 939 Iarbitam
705 895 951 951 Timagenis
971 896 1122 938 aemula
1136 896 1296 952 lingua,
1606 895 1661 935 15

320 966 438 1007 Dum
459 966 598 1008 studet
616 965 814 1015 urbanus,
836 964 1052 1020 tenditque
1072 963 1251 1006 disertus
1270 963 1428 1007 haberi.

320 1032 493 1089 Decipit
512 1033 722 1089 exemplar
741 1032 856 1074 vitiis
876 1031 1102 1074 imitabile:
1134 1032 1246 1088 quod
1266 1032 1302 1074 si

319 1101 525 1143 Pallerem
546 1116 659 1153 casu,
679 1101 868 1143 biberent
888 1115 1096 1156 exsangue
1116 1100 1343 1143 cuminum.

321 1170 361 1212 O
381 1169 623 1221 imitatores,
645 1183 808 1211 servum
829 1183 971 1225 pecus,
992 1178 1040 1211 ut
1060 1168 1164 1210 mihi
1183 1169 1325 1220 bilem,

320 1239 387 1282 Ut
404 1237 640 1293 mihisaepe
654 1237 797 1293 jocum
818 1236 946 1279 vestri
966 1251 1131 1279 movere
1151 1237 1383 1279 tumultus!
1604 1237 1661 1277 20

320 1305 480 1348 Libera
498 1319 573 1360 per
592 1318 769 1346 vacuum
787 1304 912 1359 posui
932 1304 1109 1360 vestigia
1128 1305 1346 1360 princeps;

320 1374 420 1416 Non
439 1372 574 1416 aliena
598 1387 689 1415 meo
709 1372 839 1428 pressi
859 1372 988 1428 pede:
1021 1373 1093 1428 qui
1113 1372 1192 1415 sibi
1212 1373 1321 1424 fidit,

320 1442 424 1484 Dux
443 1441 551 1498 regit
571 1456 758 1484 examen.
820 1442 970 1483 Parios
990 1456 1068 1497 ego
1088 1441 1246 1496 primus
1266 1442 1423 1484 iambos

322 1511 501 1555 Ostendi
522 1510 662 1561 Latio,
683 1524 877 1551 numeros
898 1509 1138 1565 animosque
1159 1518 1326 1551 secutus

322 1579 587 1631 Archilochi,
608 1593 692 1620 non
712 1593 777 1620 res
797 1586 839 1620 et
860 1577 1025 1634 agentia
1044 1577 1169 1619 verba
1191 1576 1446 1632 Lycamben.
1604 1576 1660 1617 25

321 1650 406 1699 Ac,
426 1663 480 1691 ne
499 1662 567 1690 me
585 1646 696 1689 foliis
714 1647 809 1689 ideo
828 1645 1085 1688 brevioribus
1106 1659 1244 1696 ornes,

322 1717 448 1769 Quod
467 1716 589 1759 timui
609 1723 769 1758 mutare
789 1714 932 1756 modos
952 1722 994 1756 et
1014 1713 1207 1756 carminis
1225 1721 1370 1764 artem,

324 1785 554 1840 Temperat
574 1782 818 1825 Archilochi
838 1796 996 1824 musam
1018 1781 1124 1837 pede
1145 1782 1328 1824 mascula
1351 1781 1536 1837 Sappho,

294 1862 298 1866 ’
323 1852 552 1907 Temperat
572 1851 746 1893 Alcaeus
764 1867 776 1899 ;
810 1850 883 1892 sed
902 1850 1025 1892 rebus
1046 1858 1087 1891 et
1108 1849 1253 1892 ordine
1273 1850 1428 1906 dispar,

322 1919 414 1961 Nec
434 1933 618 1961 socerum
640 1918 789 1974 quaerit
809 1933 932 1974 quem
954 1918 1140 1960 versibus
1161 1918 1320 1960 oblinat
1339 1917 1454 1969 atris,
1601 1918 1659 1958 30

321 1987 413 2029 Nec
433 2001 595 2043 sponsae
614 1986 807 2042 laqueum
827 1986 984 2028 famoso
1004 1985 1185 2028 carmine
1204 1985 1349 2027 nectit.

321 2054 454 2097 Hunc
473 2069 566 2111 ego,
587 2069 672 2096 non
691 2054 775 2097 alio
795 2054 953 2096 dictum
974 2054 1090 2110 prius
1110 2067 1194 2104 ore,
1217 2052 1399 2095 Latinus

321 2122 504 2179 Vulgavi
523 2122 674 2164 fidicen
692 2137 700 2162 :
726 2122 852 2177 juvat
871 2122 1156 2163 immemorata
1176 2120 1378 2162 ferentem

324 2190 528 2246 Ingenuis
548 2190 761 2245 oculisque
781 2189 863 2243 legi
885 2188 1157 2244 manibusque
1177 2188 1320 2230 teneri.

323 2257 440 2300 Scire
459 2257 563 2299 velis
582 2271 674 2299 mea
694 2271 768 2298 cur
786 2256 975 2311 ingratus
994 2255 1193 2311 opuscula
1212 2255 1341 2298 lector
1602 2258 1659 2299 35

324 2325 493 2368 Laudet
512 2332 704 2380 ametque
724 2323 852 2374 domi,
874 2331 1033 2379 premat
1053 2331 1173 2365 extra
1192 2323 1320 2366 limen
1342 2324 1507 2380 iniquus
1524 2327 1541 2366 ?

323 2394 423 2435 Non
444 2408 521 2449 ego
541 2401 724 2435 ventosae
744 2391 876 2448 plebis
897 2391 1092 2447 suffragia
1111 2407 1238 2435 venor

326 2462 535 2517 Impensis
556 2475 766 2504 coenarum
788 2469 830 2502 et
850 2461 959 2502 tritae
979 2475 1149 2503 munere
1170 2461 1295 2503 vestis
1314 2477 1326 2512 ;

324 2530 423 2572 Non
442 2545 520 2585 ego
539 2529 740 2572 nobilium
762 2528 1006 2585 scriptorum
1029 2529 1194 2571 auditor
1214 2538 1255 2571 et
1270 2529 1395 2581 ultor,

325 2598 628 2642 Grammaticas
648 2598 806 2641 ambire
826 2597 957 2640 tribus
977 2606 1019 2640 et
1039 2597 1205 2653 pulpita
1225 2596 1375 2652 dignor
1393 2614 1403 2639 :
1603 2601 1659 2641 40

326 2667 444 2709 Hinc
461 2666 547 2708 illae
566 2667 775 2722 lacrymoe.
838 2665 991 2722 Spissis
1011 2666 1186 2721 indigna
1207 2664 1378 2706 theatris

329 2733 491 2789 Scripta
511 2735 641 2790 pudet
660 2735 847 2785 recitare,
869 2742 911 2776 ct
931 2734 1055 2789 nugis
1076 2735 1228 2776 addere
1247 2734 1426 2789 pondus,
