1962 3268
630 330 884 362 sinuosum
917 334 1008 361 mn.
1040 333 1091 360 11.
1122 322 1163 361 3.
1504 318 1560 359 43

230 437 304 478 Tu
324 439 476 478 cessas?
498 435 678 490 agedum
702 448 819 476 sume
838 433 918 475 hoe
938 432 1211 487 ptisanarium
1233 446 1382 487 oryzae.
1477 432 1562 473 155

231 503 269 551 51
281 502 439 555 Quanti
454 502 637 557 emptae?
657 501 695 548 51
711 501 862 542 Parvo.
886 500 924 548 51
938 499 1095 551 Quanti
1108 502 1237 555 ergo?
1257 500 1295 547 51
1307 496 1568 542 Oc'tussibus.

459 569 497 617 51
517 564 662 611 Eheu!
1316 618 1329 630 ⁵

230 637 344 690 Quid
363 637 504 689 refert,
526 637 685 688 morbo,
700 651 754 678 an
773 635 897 678 furtis
916 649 1134 691 pereamve
1155 634 1339 690 rapinis?

229 705 432 758 Quisnam
450 705 580 761 igitur
600 707 750 747 sanus?
783 704 866 756 Qui
887 719 971 746 non
992 703 1160 745 stultus.
1192 702 1306 754 Quid
1327 717 1476 745 avarus
1493 706 1510 744 ?

230 773 396 816 Stultus
416 774 661 816 etinsanus.
724 773 866 825 Quid?
901 772 1028 828 siquis
1047 786 1131 813 non
1153 772 1207 813 sit
1227 786 1389 822 avarus,

231 842 444 885 Continuo
459 844 612 884 sanus?
636 842 828 884 Minime.
892 842 995 892 Cur,
1019 840 1184 883 Stoice?
1219 840 1384 882 Dicam.
1488 839 1571 882 160

231 911 328 952 Non
351 918 413 952 est
434 910 662 962 cardiacus,
685 911 902 952 Craterum
926 909 1079 951 dixisse
1099 917 1260 964 putat0,

232 978 320 1020 Hic
335 992 466 1034 aeger:
499 986 610 1021 recte
631 985 693 1019 est
713 977 858 1033 igitur,
873 979 1127 1033 surgetque?
1147 977 1336 1033 negabit;

233 1046 358 1098 Quod
377 1046 488 1089 latus
509 1055 581 1088 aut
598 1060 715 1087 renes
737 1046 880 1087 morbo
902 1054 1115 1088 tentantur
1136 1054 1270 1087 acuto.

233 1115 331 1157 Non
352 1123 414 1156 est
434 1114 639 1169 perjurus,
660 1128 794 1169 neque
816 1114 1030 1161 sordidus;
1064 1114 1251 1156 immolet
1271 1115 1399 1170 aequis

234 1182 322 1224 Hic
342 1196 511 1238 porcum
529 1181 730 1223 Laribus:
763 1196 905 1223 verum
928 1182 1169 1223 ambitiosus
1190 1191 1232 1224 et
1252 1183 1409 1230 audax3
1494 1182 1572 1224 165

233 1250 420 1306 Naviget
435 1249 703 1304 Anticyram:
736 1249 838 1305 quid
858 1249 968 1290 enim
989 1249 1142 1300 differt,
1164 1250 1410 1292 barathrone

232 1318 377 1360 Dones
397 1317 596 1374 quicquid
616 1317 760 1368 habes,
774 1332 827 1359 an
848 1332 1059 1373 nunquam
1082 1327 1199 1360 utare
1220 1319 1399 1374 paratis?

235 1387 404 1430 Servius
427 1383 639 1441 Oppidius
657 1386 815 1428 Canusi
834 1385 918 1426 duo
938 1385 1110 1440 praedia,
1133 1385 1250 1427 dives

234 1454 426 1511 Antiquo
447 1468 593 1505 censu,
607 1453 717 1495 natis
738 1453 891 1495 divisse
910 1453 1073 1495 duobus

235 1523 403 1574 Fertur,
425 1529 468 1564 et
487 1521 578 1564 haec
597 1521 775 1563 moriens
795 1521 934 1576 pueris
955 1521 1111 1562 dixisse
1128 1522 1282 1563 vocatis
1491 1523 1575 1578 170

235 1591 311 1632 Ad
331 1590 501 1641 lectum,
520 1591 747 1646 Postquam
770 1598 811 1631 te
832 1589 952 1640 talos,
975 1589 1096 1638 Aule,
1119 1605 1327 1646 nucesque

238 1659 366 1700 Ferre
386 1657 481 1699 sinu
499 1657 612 1708 laxo,
634 1657 788 1699 donare
809 1665 850 1699 et
869 1657 1012 1699 ludere
1032 1657 1145 1706 vidi;

239 1727 321 1777 Te,
340 1725 504 1776 Tiberi,
526 1739 756 1776 numerare,
779 1725 890 1767 cavis
911 1725 1161 1767 abscondere
1182 1725 1361 1767 tristem:

237 1793 430 1838 Extimui
445 1808 499 1835 ne
521 1807 592 1835 vos
613 1802 755 1849 ageret
772 1793 939 1835 vesania
959 1793 1136 1842 discors;

240 1863 314 1904 Tu
333 1862 664 1913 Nomentanum,
684 1870 730 1903 tu
750 1876 803 1903 ne
825 1875 1041 1917 sequerere
1059 1862 1264 1904 Cicutam.
1493 1865 1548 1920 17

242 1931 381 1981 Quare
400 1944 474 1986 per
493 1929 615 1971 divos
636 1938 775 1971 oratus
796 1938 970 1984 uterque
992 1930 1186 1980 Penates,

237 1997 306 2039 Tu
326 2011 426 2040 cave
445 2012 498 2040 ne
518 1997 703 2046 minuas;
738 2005 798 2047 tu,
820 2012 873 2039 ne
894 1997 1029 2053 majus
1049 1997 1178 2039 facias
1201 1997 1245 2039 id

240 2064 364 2116 Quod
384 2064 483 2107 satis
504 2079 592 2107 esse
611 2073 732 2121 putat
752 2074 884 2120 pater,
906 2073 948 2107 et
968 2073 1116 2108 natura
1137 2067 1312 2109 co'e‘rcet.

241 2133 451 2175 Praeterea
469 2147 523 2175 ne
543 2147 617 2174 vos
634 2133 776 2175 titillet
795 2133 943 2188 gloria,
957 2134 1072 2189 jure-

241 2202 272 2242 J
275 2201 435 2243 urando
454 2201 709 2256 obstringam
730 2202 850 2243 ambo
867 2216 876 2241 ε
908 2209 1002 2243 uter
1020 2201 1155 2242 aedilis
1170 2202 1297 2244 fuerit
1314 2219 1364 2245 ve
1496 2209 1578 2248 180

242 2266 439 2309 Vestrfim
459 2275 628 2322 praetor,
649 2267 684 2308 is
704 2267 953 2309 intestabilis
973 2275 1015 2309 et
1037 2282 1149 2310 sacer
1170 2278 1269 2311 esto.

245 2334 297 2375 In
320 2333 449 2376 cicere
469 2340 592 2389 atque
612 2333 707 2376 faba
726 2334 834 2376 bona
854 2342 902 2376 tu
922 2336 1070 2390 perdas
1090 2351 1170 2392 que
1190 2337 1360 2394 lupinis,

244 2401 379 2444 Latus
399 2409 447 2443 ut
466 2401 510 2444 in
528 2401 652 2444 Circo
672 2402 862 2458 spatiere,
885 2403 958 2445 aut
978 2418 1117 2446 aeneus
1137 2414 1184 2447 ut
1204 2416 1301 2458 stes,

243 2470 396 2512 Nudus
416 2469 539 2526 agris,
560 2470 699 2512 nudus
719 2470 914 2523 nummis,
928 2471 1086 2524 insane,
1108 2475 1290 2528 paternis
1307 2478 1325 2516 ,Ρ

246 2537 413 2580 Scilicet
432 2546 480 2579 ut
499 2537 684 2594 plausus,
706 2553 808 2594 quos
828 2538 910 2580 fert
931 2539 1139 2596 Agrippa,
1161 2541 1271 2584 feras
1295 2553 1355 2595 tu,
1492 2548 1576 2589 185

244 2606 404 2648 Astuta
423 2605 651 2661 ingenuum
675 2606 820 2662 vulpes
841 2606 1003 2649 imitata
1023 2608 1212 2650 leonem?

246 2673 406 2728 Nequis
424 2671 618 2715 humasse
638 2674 739 2716 velit
760 2674 951 2730 Ajacem,
972 2675 1139 2727 Atrida,
1161 2685 1275 2719 vetas
1297 2683 1402 2721 cur?

248 2740 285 2787 51
310 2741 404 2782 Rex
425 2755 529 2782 sum.
582 2741 618 2788 51
638 2741 713 2783 Nil
734 2739 843 2783 ultra
863 2757 1003 2798 quaero
1023 2743 1222 2798 plebeius.
1275 2747 1311 2793 51
1336 2748 1396 2790 Et
1417 2764 1576 2805 aequam

250 2810 356 2850 Rem
372 2807 588 2862 imperito:
621 2817 671 2857 at,
684 2809 787 2851 sicui
805 2809 947 2851 videor
966 2825 1058 2852 non·
1064 2811 1219 2866 justus,
1242 2813 1376 2856 inulto

250 2875 416 2925 Dicere,
438 2875 548 2930 quod
570 2876 938 2931 sentis,permitto.
1001 2879 1036 2924 51
1064 2878 1251 2921 Maxime
1272 2896 1430 2936 regum,
1494 2885 1580 2928 190

1549 1870 1575 1908 ΕΠ
