1962 3268
634 286 888 314 sERMONUM
923 286 1011 313 Lm.
1046 284 1095 313 Π.
1129 273 1166 313 4.
1514 269 1570 323 47

236 387 275 437 51
301 387 456 440 Stoice,
477 396 572 443 post
591 387 788 429 damnum
811 386 870 427 sic
891 386 1046 427 vendas
1066 385 1204 427 omnia
1223 385 1380 440 pluris:
1485 386 1571 426 300

235 447 332 508 Qua
351 470 418 498 me
437 453 617 498 stultitia
634 451 849 509 (quoniam
869 466 953 494 non
973 460 1037 494 est
1056 467 1188 507 genus
1207 456 1359 507 unum)

235 523 426 566 Insanire
445 524 601 579 putas?
622 535 700 576 ego
715 534 813 562 nam
834 519 978 562 videor
997 519 1103 561 mihi
1123 535 1261 562 sanus.

233 591 271 639 51
295 591 424 643 Quid,
441 597 566 646 caput
589 587 815 632 abscissum
831 587 1001 630 demens
1021 602 1114 630 cum
1131 596 1271 643 portat
1292 590 1444 643 Agave

234 655 368 701 Gmti
387 656 580 708 infelicis,
602 655 681 698 sibi
701 663 790 697 tum
810 654 966 697 furiosa
982 654 1149 697 videtur
1166 657 1182 696 ?

233 726 272 774 51
291 725 476 768 Stultum
497 739 564 767 me
582 724 714 767 fateor
737 721 880 774 (liceat
910 723 1133 765 concedere
1154 723 1280 777 veris)
1486 724 1571 763 305

231 793 372 850 Atque
390 793 516 836 etiam
538 792 756 840 insanum
791 799 953 834 tantum
974 791 1054 834 hoc
1074 792 1267 842 edissere,
1288 806 1369 847 quo
1392 806 1457 832 me

239 862 463 918 AEgrotare
478 870 600 917 putes
620 859 748 903 animi
761 859 876 902 vitio.
939 860 976 907 51
1002 859 1185 916 Accipe;
1219 860 1398 915 primum

234 928 457 980 AEdificae,
478 927 559 970 hoc
578 935 656 979 est,
676 928 824 983 longos
844 927 1033 979 imitaris,
1051 929 1103 970 ab
1115 928 1200 970 imo

241 998 310 1040 Ad
329 1011 536 1040 summum
559 1005 671 1045 totus
692 995 852 1038 moduli
872 995 1103 1051 bipedalis;
1137 1005 1179 1038 et
1198 996 1307 1038 idem

237 1067 423 1121 Corpore
438 1065 636 1121 majorem
657 1064 769 1106 rides
787 1063 1000 1106 Turbonis
1016 1063 1059 1105 in
1074 1064 1197 1107 armis
1488 1066 1574 1107 310

236 1133 439 1189 Spiritum
460 1141 502 1175 et
521 1132 751 1174 incessum:
783 1132 857 1188 qui
870 1131 1070 1174 ridiculus
1086 1132 1222 1174 minus
1236 1130 1343 1173 illo?

234 1201 310 1242 An
332 1200 607 1257 quodcunque
626 1200 727 1242 facit
750 1201 979 1250 Maecenas,
1003 1208 1043 1241 te
1056 1214 1218 1256 quoque
1239 1215 1382 1242 verum
1404 1209 1480 1250 est,

236 1269 379 1310 Tanto
399 1260 657 1318 dissimilem,
675 1275 716 1310 et
737 1276 854 1310 tanto
876 1275 1032 1310 certare
1047 1266 1279 1310 minorem?

237 1335 440 1378 Absentis
460 1350 573 1377 ranae
593 1335 720 1391 pullis
742 1335 865 1377 vituli
885 1336 992 1391 pede
1012 1335 1178 1391 pressis²

235 1403 361 1446 Unus
380 1403 453 1446 ubi
473 1402 634 1459 effugit,
657 1403 779 1446 matri
799 1404 1007 1454 denarrat,
1029 1411 1076 1445 ut
1097 1403 1243 1459 ingens
1489 1407 1574 1448 315

241 1471 378 1514 Belua
398 1479 595 1527 cognatos
615 1470 769 1513 eliserit
786 1486 795 1512 :
829 1471 902 1514 illa
922 1486 1080 1525 rogare,

239 1539 461 1590 Quantane
479 1541 496 1580 ?
518 1553 619 1580 num
640 1546 819 1589 tantum,
842 1538 1010 1581 sufflans
1031 1554 1088 1590 se,
1111 1554 1261 1595 magna
1280 1541 1458 1585 fuisset?

238 1605 277 1654 51
302 1606 444 1662 Major
464 1605 651 1648 dimidio.
683 1607 721 1654 51
735 1607 850 1648 Num
872 1615 1034 1649 tantum
1051 1610 1067 1648 ?
1103 1608 1139 1655 51
1159 1610 1267 1651 Cum
1291 1612 1423 1667 magis
1440 1622 1563 1669 atque

240 1675 295 1716 Se
315 1673 449 1730 magis
463 1673 655 1724 inflaret;
690 1675 803 1727 Non,
826 1675 860 1716 si
881 1683 922 1717 te
938 1675 1112 1732 ruperis,
1135 1676 1285 1732 inquit,

238 1743 324 1784 Par
343 1742 436 1784 eris.
497 1743 607 1784 Haec
627 1758 652 1785 a
672 1751 714 1785 te
733 1758 816 1784 non
838 1743 1016 1785 multum
1037 1743 1199 1787 abludit
1217 1746 1367 1803 imago.
1489 1751 1576 1792 320

239 1809 364 1852 Adde
384 1816 577 1866 poemata
596 1825 708 1853 nunc
726 1809 825 1862 (hoc
845 1819 921 1862 est,
939 1811 1075 1854 oleum
1093 1813 1199 1855 adde
1219 1816 1400 1871 camino)

238 1879 345 1930 Quae
365 1877 494 1935 siquis
514 1893 638 1921 sanus
658 1879 770 1931 fecit,
792 1894 916 1922 sanus
931 1879 1032 1922 facis
1053 1889 1095 1922 et
1110 1888 1170 1922 tu.

239 1946 337 1988 Non
356 1945 451 1988 dico
467 1945 715 1989 horrendam
737 1947 907 1990 rabiem.
940 1948 978 1996 51
1001 1949 1032 1990 J
1035 1963 1100 1990 am
1117 1950 1271 1992 desine.
1305 1951 1351 2010 Ἣ
1370 1953 1544 1995 ‚Cultum

199 2072 202 2076 ι
240 2014 446 2071 Majorem
467 2030 606 2058 censu.
667 2015 705 2063 51
730 2017 910 2065 Teneas,
934 2017 1205 2073 Damasippo,
1227 2018 1310 2061 tuis
1326 2029 1381 2062 te.

240 2081 278 2129 51
302 2082 428 2124 Mille
442 2073 692 2138 puellarum,
712 2098 934 2140 puerorum
958 2084 1072 2127 mille
1091 2085 1261 2129 furores.
1489 2093 1575 2134 325

241 2149 279 2197 51
304 2151 342 2191 O
360 2152 488 2205 major
505 2152 670 2193 tandem
687 2166 846 2206 parcam,
864 2152 1022 2202 insane,
1038 2153 1196 2195 minori.

733 2430 976 2473 SATIRA
1010 2433 1087 2474 IV.

243 2565 399 2617 Umm,
414 2573 456 2607 et
474 2578 557 2621 quo
570 2564 748 2607 Catius?
782 2566 819 2614 51
845 2568 944 2609 Non
964 2577 1027 2610 est
1047 2568 1151 2611 mihi
1172 2578 1334 2627 tempus
1350 2577 1487 2625 aventi

242 2633 405 2676 Ponere
425 2633 544 2689 signa
561 2634 680 2676 novis
698 2635 935 2691 praeceptis,
951 2636 1091 2692 qualia
1112 2637 1287 2681 vincunt

242 2699 528 2758 Pythagoran,
552 2702 768 2759 Anytique
787 2718 920 2755 reum,
942 2704 1195 2762 doctumque
1218 2708 1406 2752 Platona.

244 2766 282 2816 51
307 2768 529 2812 Peccatum
542 2768 688 2821 fateor,
702 2785 796 2814 cum
820 2781 862 2815 te
883 2772 941 2814 sic
957 2781 1142 2828 tempore
1162 2775 1269 2817 laevo
