1962 3268
447 317 502 357 ‘20
878 328 918 357 Q.
950 326 1146 355 uonA'rn
1179 326 1345 355 macor

450 424 513 469 Ut
531 427 714 482 plerique
735 425 882 478 solent,
903 440 1002 468 naso
1022 425 1239 482 suspendis
1259 425 1418 468 adunco
1738 427 1769 468 5

450 495 635 549 Ignotos,
657 504 704 536 ut
723 496 792 536 me
807 493 999 536 libertino
1018 501 1134 549 patre
1152 501 1320 535 natum:

448 565 555 605 Cum
578 562 727 605 referre
749 576 890 617 negas,
911 562 1022 617 quali
1044 561 1096 603 sit
1116 561 1288 617 quisque
1306 567 1478 615 parente

446 632 596 682 Natus,
619 631 718 672 dum
737 630 953 685 ingenuus.
1016 629 1244 671 Persuades
1265 627 1342 669 hoe
1362 627 1438 668 tibi
1459 642 1580 674 vere;

445 699 555 739 Ante
574 705 817 752 potestatem
841 696 973 745 Tulli,
995 705 1117 752 atque
1135 695 1317 750 ignobile
1335 709 1523 750 regnum,

447 765 610 807 Multos
630 780 738 820 saepe
759 765 866 805 viros
884 764 1010 805 nullis
1030 762 1251 818 majoribus
1272 770 1396 811 ortos,
1711 761 1771 801 10

446 834 507 875 Et
526 833 680 873 vixisse
699 832 861 887 probos,
883 831 1029 886 amplis
1049 839 1091 871 et
1111 829 1333 871 honoribus
1352 837 1516 870 auctos:

449 899 618 948 Contra,
641 899 877 949 Laevinum,
899 898 1036 939 Valeri
1056 911 1201 951 genus,
1222 896 1334 937 unde
1356 896 1570 951 Superbus

448 966 702 1021 Tarquinius
721 980 847 1020 regno
865 964 1010 1020 pulsus
1028 963 1124 1014 fuit,
1145 963 1268 1004 unius
1289 963 1391 1004 assis

446 1034 544 1076 Non
564 1047 745 1089 unquam
764 1032 896 1088 pretio
916 1030 1048 1086 pluris
1066 1029 1244 1079 licuisse,
1267 1037 1437 1071 notante

446 1102 476 1143 J
481 1101 598 1142 udice
618 1115 699 1156 quo
718 1099 828 1141 nosti
846 1099 1014 1155 populo,
1036 1097 1108 1153 qui
1129 1097 1279 1138 stultus
1298 1097 1474 1138 honores
1714 1097 1771 1138 15

448 1170 567 1223 Saepe
586 1169 658 1210 dat
676 1167 873 1223 indignis,
895 1175 936 1208 et
954 1166 1076 1207 famae
1096 1164 1221 1206 servit
1240 1164 1432 1219 ineptus;

447 1236 530 1287 Qui
550 1242 687 1290 stupet
706 1234 750 1276 in
770 1233 901 1275 titulis
921 1241 963 1274 et
982 1231 1243 1287 imaginibus.
1303 1231 1415 1282 Quid
1435 1239 1597 1285 oportet

447 1304 536 1345 Nos
554 1302 703 1353 facere,
724 1316 748 1343 a
766 1301 892 1356 vulgo
912 1300 1034 1354 longe
1053 1299 1255 1353 longeque
1274 1299 1482 1338 remotos?

445 1372 635 1426 Namque
655 1377 756 1419 esto,
774 1367 952 1423 populus
973 1365 1149 1408 Laevino
1170 1364 1311 1406 mallet
1330 1363 1525 1405 honorem

447 1439 581 1489 Quam
602 1435 734 1478 Decio
751 1434 946 1476 mandare
963 1447 1097 1484 novo3
1127 1446 1348 1486 censorque
1366 1438 1548 1471 moveret
1708 1431 1768 1470 ⁶20

447 1503 623 1558 Appius,
643 1502 824 1557 ingenuo
844 1500 878 1542 si
897 1514 980 1541 non
1001 1513 1129 1541 essem
1149 1507 1266 1553 patre
1287 1506 1432 1538 natus:

447 1571 527 1612 Vel
545 1570 705 1619 merito,
726 1567 917 1624 quoniam
937 1566 982 1607 in
1000 1565 1165 1622 propria
1185 1579 1266 1605 non
1286 1564 1394 1619 pelle
1415 1563 1629 1619 quiessem.

449 1638 485 1685 Ἥ
504 1638 587 1693 Sed
603 1636 791 1691 fulgente
810 1634 938 1676 trahit
958 1633 1198 1675 constrictos
1217 1631 1346 1686 gloria
1366 1645 1487 1672 curru

447 1708 545 1748 Non
561 1704 697 1745 minus
717 1703 878 1758 ignotos
897 1700 1119 1756 generosis,
1178 1700 1215 1747 ἾῘ
1233 1700 1326 1750 Quo
1346 1698 1436 1748 tibi,
1460 1697 1581 1747 Tuli,

450 1774 619 1814 Sumere
639 1770 869 1825 depositum
891 1769 1067 1819 clavum,
1087 1766 1257 1821 fierique
1277 1765 1441 1807 tribuno
1455 1768 1474 1805 ?
1710 1765 1768 1804 25

449 1838 620 1880 Invidia
638 1836 829 1886 accrevit,
849 1836 1010 1891 privato
1029 1849 1124 1890 quae
1143 1834 1275 1874 minor
1292 1841 1423 1874 esset:

448 1907 558 1948 Nam
579 1913 627 1946 ut
646 1903 816 1959 quisque
834 1903 1002 1944 insanus
1020 1902 1149 1956 nigris
1168 1900 1350 1942 medium
1371 1898 1559 1954 impediit
1578 1912 1672 1940 crus

451 1972 651 2020 Pellibus,
674 1979 714 2012 et
733 1970 863 2011 latum
884 1968 1048 2010 demisit
1067 1975 1232 2022 pectore
1251 1967 1428 2017 clavum,

447 2039 580 2081 Audit
596 2037 805 2086 continuo,
829 2035 931 2086 Quis
949 2035 1073 2076 homo
1092 2034 1192 2075 hic?
1224 2042 1279 2084 et,
1310 2034 1404 2084 Quo
1424 2038 1542 2087 'patre
1567 2040 1688 2074 natus
1702 2034 1722 2073 Ρ

450 2108 515 2148 Ut
536 2105 569 2146 si
590 2104 660 2160 qui
680 2111 850 2158 aegrotet
869 2117 950 2157 quo
970 2102 1112 2143 morbo
1132 2103 1301 2151 Barrus,
1321 2100 1463 2142 haberi
1709 2100 1769 2141 30

451 2176 512 2216 Et
532 2172 671 2227 cupiat
689 2170 917 2216 formosus;
950 2178 1016 2211 eat
1035 2181 1290 2224 quacunque,
1310 2167 1463 2222 puellis

453 2240 621 2296 Injiciat
640 2251 778 2280 curam
798 2235 1007 2292 quaerendi
1030 2235 1207 2290 singula,
1228 2234 1340 2290 quali

455 2309 519 2350 Sit
536 2306 656 2357 facie,
678 2319 772 2346 sura
790 2303 916 2360 quali,
936 2303 1058 2358 pede,
1080 2302 1216 2351 dente,
1236 2301 1409 2355 capillo:

454 2375 523 2417 Sic
542 2373 613 2429 qui
631 2371 849 2427 promittit,
871 2371 994 2420 cives,
1015 2370 1158 2411 urbem
1179 2368 1258 2410 sibi
1277 2383 1400 2418 curae,

455 2439 682 2495 Imperium
701 2437 802 2488 fore,
823 2446 864 2479 et
881 2437 1046 2479 Italiam
1067 2444 1108 2477 et
1129 2435 1297 2476 delubra
1316 2435 1484 2475 deorum
1498 2450 1511 2484 ;
1709 2436 1768 2475 35

454 2510 546 2559 Quo
565 2514 681 2561 patre
701 2504 754 2545 sit
772 2512 908 2554 natus,
928 2518 1027 2544 num
1047 2503 1188 2557 ignota
1207 2509 1335 2542 matre
1353 2500 1607 2551 inhonestus,

453 2576 607 2617 Omnes
627 2571 818 2612 mortales
837 2584 978 2612 curare
997 2578 1039 2611 et
1057 2582 1238 2624 quaerere
1258 2567 1378 2622 cogit.

454 2642 492 2688 Ἥ
509 2642 634 2681 Tune
656 2637 764 2693 Syri,
786 2638 949 2686 Damae,
970 2644 1041 2678 aut
1062 2634 1244 2689 Dionysi
1263 2633 1387 2684 filius,
1409 2635 1535 2676 audes

453 2707 645 2763 Dejicere
665 2720 687 2747 e
707 2718 803 2746 saxo
823 2704 947 2754 cives,
968 2713 1040 2745 aut
1061 2703 1219 2744 tradere
1241 2702 1398 2744 Cadmo
1413 2705 1431 2742 ?

453 2776 490 2822 ἿῘ
506 2777 562 2816 At
583 2772 744 2815 Novius
764 2771 920 2826 collega
943 2770 1073 2825 gradu
1092 2777 1186 2824 post
1206 2783 1270 2812 me
1292 2768 1405 2810 sedet
1425 2784 1536 2817 un0;
1710 2771 1767 2810 40
