1962 3268
679 292 938 321 sannionum
975 293 1061 320 mn.
1097 294 1125 320 1.
1159 279 1227 320 10.

286 392 568 438 Exzenuzmtis
587 407 657 435 eas
675 392 880 435 consulto.
941 392 1188 434 Ridiculum
1210 392 1294 435 acri

288 462 459 505 Fortius
479 469 522 503 et
539 460 689 503 melius
710 473 881 513 magnas
902 459 1145 514 plerumque
1167 468 1276 502 secat
1296 475 1374 502 res.

288 530 378 582 Illi,
399 528 552 583 scripta
570 526 720 582 quibus
737 525 956 568 Comoedia
976 525 1112 581 prisca
1132 525 1232 568 viris
1252 535 1329 578 est,

288 599 386 640 Hoc
406 596 587 646 stabant,
607 594 687 636 hoc
707 602 804 635 sunt
823 593 1041 640 imitandi;
1074 607 1178 648 quos
1197 608 1331 650 neque
1351 595 1525 649 pulcher

288 665 577 718 Hermogenes
596 676 776 718 unquam
799 660 917 716 legit,
939 675 1072 716 neque
1092 659 1235 702 simius
1256 660 1334 703 iste

289 731 364 774 Nil
383 739 536 787 praeter
556 729 733 772 Calvum
756 737 798 771 et
818 730 964 771 doctus
985 736 1151 770 cantare
1172 728 1400 770 Catullum.

289 799 328 848 ἹῘ
345 800 409 842 At
428 812 624 854 magnum
646 797 761 849 fecit,
783 797 894 854 quod
915 796 1054 839 verbis
1077 796 1228 839 Graeca
1250 796 1415 838 Latinis

289 867 480 910 Miscuit.
542 866 580 913 ἿῘ
596 867 634 908 Ο
658 865 738 908 seri
758 865 990 907 studiorum
1008 867 1017 906 Ξ
1050 864 1178 920 quine
1197 864 1352 920 putetis

289 935 475 978 Difficile
495 943 536 977 et
557 933 722 984 mirum,
745 933 916 975 Rhodio
935 932 1047 989 quod
1067 931 1325 974 Pitholeonti

291 1003 515 1058 Contigit?
577 1002 616 1049 ἾῘ
631 1002 691 1044 At
712 1016 844 1043 sermo
864 1000 1010 1056 lingua
1030 1000 1256 1042 concinnus
1276 1010 1452 1056 utraque

291 1071 482 1123 Suavior,
503 1079 551 1112 ut
573 1070 682 1112 Chio
702 1078 801 1111 nota
821 1068 854 1110 si
877 1068 1092 1111 commista
1111 1068 1281 1110 Falerni
1301 1078 1376 1110 est.

292 1139 446 1187 {ICum
466 1152 609 1179 versus
628 1136 784 1188 facias3
806 1135 983 1190 teipsum
1004 1144 1237 1190 percontor,
1258 1151 1310 1178 an
1332 1145 1374 1180 et
1394 1151 1487 1178 cum

291 1207 414 1249 Dura
433 1205 515 1263 tibi⁴
528 1204 765 1260 peragenda
783 1203 844 1245 rei
864 1203 919 1245 sit
935 1218 1058 1245 causa
1079 1203 1237 1245 Petilli.

294 1272 461 1317 Scilicet
481 1271 633 1314 oblitus
653 1270 881 1327 patriaeque
901 1270 1112 1326 patrisque
1133 1271 1280 1313 Latini

293 1343 403 1385 Cum
426 1339 584 1383 Pedius
600 1353 747 1381 causas
768 1338 942 1380 exsudet
962 1338 1181 1380 Publicola
1200 1346 1328 1395 atque

287 1410 517 1460 Corvinus,
536 1407 681 1464 patriis
701 1406 981 1449 intermiscere
1001 1406 1133 1461 petita

294 1479 432 1522 Verba
450 1476 549 1519 foris
565 1476 702 1525 malis,
726 1474 928 1517 Canusini
949 1488 1060 1516 more
1080 1473 1310 1530 bilinguis?

296 1548 440 1603 Atque
461 1559 538 1600 ego
557 1558 652 1586 cum
674 1544 846 1585 Graecos
865 1541 1057 1592 facerem,
1078 1550 1201 1583 natus
1220 1556 1332 1584 mare
1352 1543 1470 1594 citra,

296 1612 547 1663 Versiculos,
568 1610 702 1653 vetui-t
723 1609 797 1651 tali
818 1624 884 1651 me
904 1624 1003 1651 voce
1025 1609 1242 1660 Qui-rinus,

295 1681 399 1722 Post
419 1679 596 1722 mediam
616 1687 780 1720 noctem
802 1676 929 1728 visus,
951 1691 1044 1718 cum
1068 1677 1226 1719 somnia
1246 1691 1369 1719 vera:

298 1749 353 1790 In
374 1747 521 1789 silvam
542 1761 625 1787 non
645 1745 760 1800 ligna
778 1744 886 1786 feras
905 1744 1106 1795 insanius,
1128 1758 1176 1786 ac
1197 1744 1231 1785 si

297 1815 479 1871 Magnas
501 1815 745 1857 Graecorum
770 1811 889 1853 malis
913 1811 1084 1866 implere
1104 1819 1303 1854 catervas.

299 1882 518 1938 Turgidus
539 1881 725 1937 Alpinus
737 1879 907 1935 jugulat
927 1879 1028 1920 dum
1049 1877 1294 1930 Memnona,
1316 1880 1499 1936 dumque

297 1949 489 2004 Defingit
509 1948 653 1991 Rheni
670 1948 831 1990 ‘luteum
849 1955 1001 2001 caput;
1034 1945 1125 1987 haec
1145 1960 1222 2000 ego
1243 1946 1344 1989 ludo

298 2018 405 2069 Quae
424 2031 501 2059 nec
521 2016 564 2058 in
584 2016 676 2058 aede
695 2023 843 2057 sonent
863 2013 1064 2056 certantia
1076 2013 1222 2069 judice
1243 2015 1413 2070 Tarpa3

298 2086 390 2128 Nec
409 2085 580 2127 redeant
598 2083 749 2125 iterum
770 2091 894 2138 atque
913 2081 1063 2123 iterum
1085 2082 1309 2136 spectanda
1330 2083 1513 2126 theatris.

299 2153 468 2207 Arguta
486 2151 699 2193 meretrice
718 2159 851 2206 potes,
873 2150 1078 2204 Davoque
1099 2148 1326 2192 Chremeta

299 2218 514 2260 Eludente
535 2232 689 2268 senem,
711 2217 838 2259 comis
852 2216 1013 2270 ‚garrire
1032 2215 1211 2267 libellos,

301 2286 429 2328 Unus
447 2285 651 2334 vivorum,
674 2284 894 2326 Fundani:
928 2282 1066 2324 Pollio
1085 2297 1229 2338 regum

302 2354 431 2396 Facta
451 2353 577 2403 canit,
599 2353 704 2408 pede
725 2361 787 2394 ter
805 2365 1023 2407 percusso:
1055 2350 1162 2392 forte
1182 2352 1300 2406 Epos
1319 2367 1426 2404 acer,

299 2422 367 2463 Ut
387 2436 524 2472 neme,
546 2420 712 2471 Varius,
735 2419 874 2462 ducit:
908 2419 1032 2461 molle
1051 2428 1175 2475 atque
1194 2419 1373 2462 facetum

302 2489 478 2545 Virgilio
499 2496 734 2532 annuerunt
753 2488 982 2544 gaudentes
1002 2502 1096 2529 rure
1118 2488 1344 2530 Camoenae.

301 2557 398 2598 Hoc
418 2565 506 2598 erat
526 2565 695 2612 experto
714 2556 867 2598 frustra
889 2555 1071 2598 Varrone
1092 2556 1289 2607 Atacino,

301 2624 446 2679 Atque
460 2624 709 2679 quibusdam
731 2623 838 2675 aliis,
860 2623 1007 2666 melius
1028 2624 1139 2679 quod
1160 2624 1336 2668 scribere
1352 2641 1532 2681 possem,

305 2691 530 2732 Inventor-e
550 2691 708 2733 minor:
741 2706 876 2748 neque
895 2706 973 2747 ego
992 2691 1054 2732 illi
1075 2690 1291 2734 detrahere
1311 2694 1442 2736 ausim

304 2758 547 2800 Haerentem
569 2759 695 2814 capiti
715 2759 846 2801 multa
865 2773 958 2802 cum
980 2758 1103 2801 laude
1123 2772 1327 2802 coronam.

1550 440 1619 502 '15

1567 799 1625 839 20

1568 1138 1626 1178 25

1579 2156 1635 2196 40
