1962 3268
612 278 670 305 DE
704 276 828 305 ARTE
861 275 1074 311 roE'ricA,
1108 276 1168 302 An
1203 274 1400 302 rlsomzs.
1591 262 1677 303 245

339 378 534 421 Reddere
553 391 739 432 personae
760 377 837 419 scit
856 375 1143 419 convenientia
1163 375 1323 431 cuique.

339 445 571 501 Respicere
591 445 800 501 exemplar
819 445 919 486 vitae
939 458 1180 500 morumque
1192 443 1352 499 jubebo

337 515 519 556 Doctum
543 514 806 565 imitatorem,
828 522 870 555 et
889 527 1006 554 veras
1027 511 1126 554 hinc
1145 512 1295 554 ducere
1315 525 1448 553 voceS.

322 583 556 626 ,Interdum
577 582 759 639 speciosa
777 581 878 624 locis
899 589 1135 636 morataque
1154 588 1265 620 recte

338 651 518 702 Fabula,
537 650 693 692 nullius
706 650 882 700 veneris,
903 649 992 690 sine
1014 647 1193 702 pondere
1214 655 1255 687 et
1275 655 1377 695 arte,
1582 648 1670 687 320

336 718 511 760 Valdius
531 718 710 760 oblectat
729 717 929 772 populum
951 716 1180 770 meliusque
1201 724 1396 764 moratur,

334 784 470 835 Quam
492 798 634 825 versus
656 783 799 837 inopes
818 795 970 832 rerum,
992 795 1198 836 nugaeque
1219 794 1391 821 canorae.

335 851 477 894 Graiis
493 851 723 908 ingenium,
741 850 884 892 Graiis
904 848 1020 890 dedit
1041 863 1109 889 ore
1127 847 1307 889 rotundo

319 922 464 968 ÷5Musa
483 920 612 976 loqui,
634 927 785 975 praeter
805 918 969 960 laudem
991 916 1148 958 nullius
1168 916 1327 957 avaris:

336 988 518 1030 Romani
538 988 657 1043 pueri
677 987 812 1043 longis
833 985 1060 1028 rationibus
1081 999 1210 1026 assem
1579 985 1666 1026 325

337 1057 520 1099 Discunt
539 1056 583 1097 in
604 1065 741 1111 partes
763 1064 928 1097 centum
952 1054 1161 1095 diducere.
1222 1053 1256 1099 ἹῘ
1285 1052 1412 1095 Dicat

337 1125 474 1167 Filius
497 1124 662 1174 Albini,
687 1124 731 1165 Si
753 1124 806 1165 de
827 1123 1234 1178 quincunce·remota
1255 1130 1317 1162 est

336 1193 493 1243 Uncia,
511 1193 616 1249 ,quid
636 1193 833 1248 superat?
867 1192 903 1238 ἻῙ
930 1192 1101 1232 Poteras
1123 1189 1290 1239 dixisse,
1315 1189 1481 1230 Triens.
1505 1189 1541 1235 ἽῘ
1568 1190 1665 1230 Eu?

319 1263 444 1309 :Rem
464 1261 619 1317 poteris
640 1275 802 1302 servare
823 1269 949 1302 tuam.
1014 1258 1144 1300 Redit
1164 1256 1300 1306 uncia,
1322 1257 1422 1312 quid
1444 1257 1521 1298 fit?

333 1329 372 1378 ἹῘ
397 1329 541 1372 Semis.
575 1329 613 1376 ἽῙ
638 1330 725 1379 An,
746 1328 837 1369 haec
857 1327 1015 1369 animos
1036 1341 1176 1382 aerugo
1192 1334 1232 1367 et
1255 1340 1352 1366 cura
1366 1325 1504 1379 peculi
1582 1326 1669 1366 330

333 1399 441 1441 Cum
462 1398 590 1441 semel
611 1397 819 1445 imbuerit,
843 1410 1053 1452 speramus
1074 1393 1255 1436 carmina
1275 1392 1377 1448 fingi

332 1466 459 1509 Posse
478 1466 647 1508 linenda
667 1466 804 1515 cedro,
826 1475 868 1506 et
887 1464 970 1518 levi
992 1463 1193 1505 servanda
1212 1465 1435 1517 cupresso?

342 1537 436 1577 Aut
455 1535 650 1590 prodesse
670 1534 817 1575 volunt
836 1542 908 1575 aut
929 1532 1132 1574 delectare
1150 1537 1305 1586 poetae,

316 1605 429 1647 -2Aut
450 1603 574 1646 simul
594 1611 636 1645 et
649 1602 838 1658 jucunda
859 1611 900 1643 et
920 1600 1070 1642 idonea
1090 1600 1226 1642 dicere
1247 1599 1358 1640 vitae.

338 1671 549 1728 Quicquid
570 1670 800 1727 praecipies,
822 1678 910 1712 esto
929 1670 1064 1711 brevis
1081 1685 1093 1716 ;
1126 1677 1173 1710 ut
1194 1668 1276 1710 cito
1295 1668 1408 1710 dicta
1582 1669 1668 1709 335

334 1740 573 1795 Percipiant
595 1739 722 1781 animi
742 1738 912 1788 dociles,
936 1746 1184 1793 teneantque
1199 1737 1361 1779 fideles:

342 1809 479 1850 Omne
500 1821 800 1864 supervacuum
822 1807 946 1862 pleno
966 1807 1018 1848 de
1038 1816 1204 1862 pectore
1225 1816 1376 1848 manat.

334 1876 457 1918 Ficta
477 1876 703 1932 voluptatis
724 1891 861 1926 causa,
883 1875 966 1917 sint
986 1875 1173 1930 proxima
1193 1874 1320 1921 verisz

319 1944 418 1995 ssNe,
440 1944 716 2000 quodcunque
737 1944 864 1995 volet,
885 1952 1028 1999 poscat
1049 1943 1126 1985 sibi
1145 1942 1287 1985 fabula
1307 1942 1434 1990 credi,

334 2013 432 2054 Neu
451 2026 615 2068 pransae
638 2011 801 2054 Lamiae
821 2011 963 2053 vivum
984 2026 1158 2067 puerum
1181 2011 1374 2052 extrahat
1395 2011 1502 2052 alvo.
1582 2011 1668 2051 340

334 2080 548 2123 Centuriae
570 2079 776 2122 seniorum
799 2079 960 2134 agitant
980 2081 1165 2134 expertia
1184 2080 1342 2134 frugis;

304 2139 311 2145 ’
332 2147 447 2190 Celsi
466 2156 720 2204 praetereunt
740 2156 903 2188 austera
923 2153 1116 2202 poemata
1138 2148 1377 2190 Rhamnes:

335 2217 472 2258 Omne
494 2216 591 2270 tulit
612 2224 814 2271 punctum
835 2215 907 2271 qui
927 2215 1094 2256 miscuit
1113 2215 1216 2257 utile
1236 2216 1366 2266 dulci,

318 2283 551 2331 :Lectorem
572 2284 830 2334 delectando,
851 2283 1084 2340 pariterque
1104 2285 1322 2326 monendo.

334 2353 421 2397 Hic
441 2363 570 2397 meret
590 2368 672 2395 aera
690 2353 795 2395 liber
817 2352 967 2400 Sosiis;
1000 2351 1072 2394 hic
1090 2361 1131 2393 et
1152 2367 1263 2394 mare
1284 2351 1446 2402 transit,
1583 2353 1669 2393 345

333 2424 394 2465 Et
413 2423 584 2478 longum
600 2430 699 2464 noto
720 2420 908 2476 scriptori
927 2430 1120 2476 prorogat
1140 2435 1288 2462 aevum.

336 2493 444 2534 Sunt
463 2492 617 2534 delicta
636 2500 772 2533 tamen
796 2490 948 2546 quibus
967 2488 1175 2545 ignovisse
1196 2489 1395 2531 velimus:

335 2562 445 2604 Nam
454 2575 588 2617 neque
608 2559 763 2602 chorda
771 2573 915 2600 sonum
931 2558 1069 2600 reddit
1081 2573 1202 2614 quem
1217 2558 1309 2599 vult
1322 2572 1468 2599 manus
1482 2566 1523 2598 et
1536 2571 1666 2605 mens,

321 2629 611 2684 {Poscentique
624 2642 791 2684 gravem
813 2641 999 2683 persaepe
1014 2626 1188 2669 remittit
1209 2635 1374 2669 acutum
1392 2644 1403 2674 ς

336 2699 377 2740 N
381 2712 428 2739 ec
448 2712 607 2753 semper
625 2697 745 2739 feriet
764 2696 1038 2752 quodcunque
1059 2695 1284 2738 minabitur
1305 2710 1434 2737 arcus.
1583 2697 1669 2736 350

338 2768 490 2810 Verum
514 2766 585 2808 ubi
606 2766 726 2821 plura
746 2766 881 2807 nitent
902 2765 942 2806 in
966 2764 1160 2813 carmine,
1182 2779 1262 2804 non
1287 2778 1363 2815 ego
1381 2762 1526 2817 'paucis
