1962 3268
315 352 403 393 230
746 365 787 394 a.
818 361 1004 392 Hermu
1035 364 1199 393 rnAcm

321 463 481 505 Tibure
500 462 567 504 vel
588 460 751 512 Gabiis,
774 471 814 504 et
834 470 967 506 tecum
990 463 1047 505 sic
1065 472 1188 520 agan
1228 463 1315 505 Hic
1334 472 1378 505 et

321 530 551 582 Candidus,
572 538 613 572 et
634 530 736 572 talos
758 546 781 572 a
801 531 954 573 vertice
973 531 1144 586 pulcher
1163 532 1215 574 ad
1237 532 1355 581 imos,

319 598 416 639 Fiet
436 598 594 654 eritque
614 606 708 640 tuus
729 613 989 640 nummorum
1011 599 1193 641 millibus
1212 607 1321 651 octo,
1607 601 1636 640 5

318 666 454 707 Verna
474 665 710 708 ministeriis
731 667 784 708 ad
804 675 929 708 nutus
946 675 1068 722 aptus
1085 667 1250 718 heriles,

320 732 538 774 Litterulis
560 733 720 776 Graecis
749 733 946 784 imbutus,
967 734 1139 776 idoneus
1159 734 1237 775 arti

320 799 519 851 Cuilibet,
542 800 688 854 argilla
708 800 872 856 quidvis
892 801 1117 844 imitaberis
1136 802 1240 843 uda:

321 867 432 918 Quin
448 867 571 909 etiam
593 876 710 909 canet
730 868 958 918 indoctum,
979 869 1051 910 sed
1071 868 1192 910 dulce
1211 869 1383 910 bibenti.

319 933 462 975 Multa
481 934 603 975 fidem
623 933 823 988 promissa
842 934 996 985 levant,
1018 934 1090 976 ubi
1109 934 1271 989 plenius
1291 950 1409 991 aequo
1582 937 1638 978 10

320 1000 490 1042 Laudat
510 1000 691 1051 venales,
712 1001 783 1056 qui
803 1001 895 1042 vult
915 1001 1145 1052 extrudere,
1167 1016 1334 1044 merces.

320 1067 406 1107 Res
421 1076 570 1122 urguet
590 1082 655 1109 me
675 1068 818 1117 nulla;
852 1082 942 1110 meo
962 1083 1051 1110 sum
1072 1083 1227 1124 pauper
1246 1069 1290 1111 in
1309 1085 1413 1112 aere:

317 1135 452 1175 Nemo
472 1134 553 1176 hoc
574 1135 995 1190 mangonum-faceret
1015 1136 1115 1178 tibi:
1147 1151 1229 1178 non
1250 1145 1400 1180 temere
1421 1154 1444 1180 a
1466 1153 1532 1180 me

317 1201 463 1251 Quivis
478 1202 604 1244 ferret
621 1203 730 1245 idem
747 1220 759 1250 ς
793 1203 918 1245 semel
932 1203 1001 1245 hic
1022 1203 1209 1256 cessavit,
1230 1213 1287 1256 et,
1306 1214 1355 1247 ut
1373 1205 1435 1255 fit,

318 1270 370 1310 In
388 1269 507 1311 scalis
527 1270 650 1312 latuit
672 1279 858 1312 metuens
878 1271 1096 1326 pendentis
1116 1271 1300 1313 habenae.
1579 1275 1636 1315 15

317 1338 404 1378 Des
424 1351 629 1388 nummos,
651 1347 822 1393 excepta
842 1338 948 1379 nihil
971 1348 1011 1380 te
1031 1339 1066 1380 si
1085 1339 1184 1394 fuga
1204 1339 1334 1381 laedit.

317 1404 399 1446 Ille
418 1404 524 1446 ferat
543 1405 736 1460 pretium,
757 1420 894 1461 poenae
916 1421 1095 1456 securus,
1116 1407 1274 1462 opinor.

317 1472 354 1519 Ἥ
372 1470 560 1514 Prudens
577 1473 712 1514 emisti
733 1473 924 1514 vitiosum
943 1490 954 1520 ;
989 1474 1099 1516 dicta
1120 1474 1197 1515 tibi
1217 1484 1278 1516 est
1297 1476 1389 1517 lex:

316 1540 551 1594 Insequeris
573 1548 710 1581 tamen
730 1540 857 1591 hunc,
874 1549 914 1582 et
934 1541 1008 1582 lite
1029 1541 1197 1584 moraris
1217 1542 1372 1598 iniqua.

316 1607 353 1654 ἿῘ
370 1607 472 1648 Dixi
487 1622 553 1649 me
573 1607 737 1662 pigrum
759 1608 1031 1663 proficiscenti
1052 1608 1142 1660 tibi,
1163 1610 1251 1651 dixi
1432 1651 1434 1653 .
1578 1614 1639 1655 20

316 1676 492 1718 Talibus
511 1675 654 1718 officiis
674 1691 801 1732 prope
819 1692 1038 1725 mancum;
1069 1691 1122 1718 ne
1142 1691 1232 1719 mea
1252 1692 1387 1720 saevus

314 1745 344 1785 J
347 1758 514 1798 urgares
537 1745 589 1786 ad
608 1752 649 1785 te
670 1745 780 1800 quod
801 1744 973 1800 epistola
986 1744 1101 1785 nulla
1121 1744 1293 1787 veniret.

314 1812 426 1863 Quid
446 1820 534 1853 tum
551 1812 721 1867 profeci,
743 1827 902 1854 mecum
922 1811 1116 1854 facientia
1129 1812 1227 1866 jura

315 1879 358 1920 Si
380 1888 517 1921 tamen
538 1888 715 1921 attentas
734 1879 748 1922 ?
782 1880 972 1931 Quereris
995 1895 1116 1935 super
1135 1880 1214 1923 hoc
1234 1881 1373 1934 etiam,
1394 1883 1504 1938 quod

311 1947 565 2000 Exspectata
586 1946 661 1988 tibi
677 1962 759 1988 non
780 1947 940 1989 mittam
961 1947 1143 1989 carmina
1164 1950 1352 1991 mendax.
1577 1952 1634 1994 25

311 2013 479 2054 Luculli
500 2012 617 2054 miles
637 2013 808 2054 collecta
828 2013 979 2054 viatica
1006 2014 1149 2054 multis

311 2077 545 2130 AErumnis,
567 2079 698 2120 lassus
719 2079 818 2120 dum
839 2087 964 2120 noctu
981 2079 1131 2131 stertit,
1149 2081 1202 2122 ad
1218 2095 1346 2123 assem

312 2146 583 2188 Perdiderat:
614 2154 707 2200 post
726 2146 806 2186 hoc
828 2146 1048 2187 vehemens
1067 2146 1206 2202 lupus,
1223 2156 1264 2190 et
1285 2148 1362 2191 sibi
1382 2157 1424 2191 et
1443 2149 1551 2192 hosti

313 2215 450 2255 Iratus
470 2213 625 2268 pariter
639 2212 797 2268 jejunis
817 2213 1011 2254 dentibus
1032 2228 1138 2265 acer,

312 2280 560 2322 Praesidium
582 2280 719 2335 regale
738 2281 828 2322 loco
843 2281 1008 2336 dejecit,
1029 2290 1077 2323 ut
1096 2281 1228 2332 aiunt,
1574 2288 1634 2333 30

313 2349 483 2389 Summe
498 2348 673 2400 munito,
691 2357 733 2390 et
747 2348 968 2390 multarum
990 2349 1121 2391 divite
1139 2364 1289 2391 rerum.

312 2413 459 2454 Clarus
490 2413 542 2454 ob
561 2413 606 2454 id
625 2413 795 2465 factum,
821 2413 940 2455 donis
960 2423 1128 2456 ornatur
1145 2415 1327 2457 honestis
1343 2433 1356 2464 ;

310 2476 484 2533 Accipit
503 2487 544 2520 et
564 2479 626 2520 bis
646 2480 752 2522 dena
773 2494 895 2534 super
915 2481 1098 2523 sestertia
1117 2481 1346 2524 nummum.

308 2545 434 2586 Forte
454 2545 531 2585 sub
547 2545 625 2586 hoc
645 2554 808 2601 tempus
828 2547 1039 2589 castellum
1062 2557 1241 2591 evertere
1259 2558 1411 2604 praetor

307 2612 459 2659 Nescio
475 2612 585 2666 quod
601 2612 784 2666 cupiens,
802 2613 956 2655 hortari
979 2615 1106 2670 coepit
1126 2617 1301 2658 eundem
1572 2621 1630 2661 35

307 2678 456 2720 Verbis
475 2692 567 2733 quae
589 2678 732 2720 timido
748 2689 909 2735 quoque
924 2690 1091 2735 possent
1110 2682 1259 2725 addere
1280 2692 1473 2726 mentem.

310 2747 331 2786 I
354 2746 458 2786 bone
478 2758 560 2800 quo
581 2744 711 2786 virtus
731 2754 802 2788 tua
830 2756 870 2788 te
891 2757 1036 2797 vocat;
1069 2749 1083 2790 i
1112 2750 1215 2804 pede
1234 2750 1384 2801 fausto,

308 2812 495 2855 Grandia
514 2813 671 2854 laturus
693 2813 926 2856 meritorum
956 2815 1150 2870 praemia:
1182 2818 1281 2872 quid
1302 2826 1383 2859 stas
1406 2821 1424 2858 ἓ*
