1962 3268
643 322 897 350 SERMONUM
934 323 1021 350 Lm.
1059 323 1108 350 11.
1142 312 1183 352 5.
1537 311 1586 352 51

251 421 366 464 Ante
385 421 537 464 Larem
557 429 699 477 gustet
720 421 995 464 venerabilior
1015 422 1127 465 Lara
1146 421 1263 465 dives
1281 439 1293 470 ς

253 489 338 541 Qui
357 489 544 547 quamvis
562 489 752 545 perjurus
771 489 866 540 erit,
887 489 976 531 sine
996 498 1135 545 gente,
1157 499 1356 533 cruentus
1532 492 1587 534 15

254 556 466 612 Sanguine
483 555 679 607 fraterno,
700 544 906 612 fugitiqu
923 573 935 606 ;
969 572 1022 599 ne
1043 566 1183 600 tamen
1203 559 1267 600 illi

253 626 328 667 Tu
346 639 481 667 comes
501 624 692 675 exterior,
715 624 750 666 si
770 625 968 680 postulet,
993 624 1054 666 ire
1073 639 1249 668 recuses.
1316 618 1328 629 ’

252 692 291 740 ql
313 693 431 736 Utne
450 700 588 749 tegam
609 707 757 749 spurco
778 693 929 735 Damae
950 693 1091 735 latus?
1112 692 1228 736 haud
1242 693 1302 736 ita
1326 694 1469 750 Trojae

251 761 330 804 Me
347 761 472 817 gessi,
493 769 654 804 certans
675 775 837 817 semper
857 760 1109 803 melioribus.
1170 762 1208 809 ῚῙ
1226 763 1344 819 Ergo

250 829 418 886 Pauper
436 829 528 872 eris.
575 830 613 877 ΊῘ
637 830 808 872 Fortem
828 829 908 872 hoc
927 829 1112 872 animum
1134 831 1311 874 tolerare
1324 832 1505 888 jubebo:
1526 835 1583 874 20

250 897 312 939 Et
330 897 537 954 quondam
558 898 716 954 majora
737 898 829 940 tuli.
893 899 966 940 Tu
987 898 1190 954 protinuS,
1212 900 1327 942 unde

251 964 436 1008 Divitias
455 965 630 1022 aerisque
649 981 782 1017 ruam,
804 965 874 1008 dic
894 967 1057 1026 Augur,
1079 982 1259 1009 acervos.

251 1032 400 1080 {mixi
420 1033 626 1090 equidem,
643 1043 685 1077 et
706 1034 817 1078 dico.
878 1035 1034 1090 Captes
1054 1043 1216 1077 astutus
1236 1035 1391 1091 ubique

253 1102 526 1144 Testamenta
545 1117 690 1144 senum
707 1119 716 1144 ε
751 1117 833 1145 neu
855 1102 890 1144 si
911 1102 1026 1144 vafer
1045 1117 1153 1145 unus
1173 1111 1214 1145 et
1234 1103 1340 1146 alter

252 1169 545 1212 Insidiator-em
566 1185 745 1226 praeroso
765 1170 920 1226 fugerit
939 1170 1078 1222 hamo,
1532 1175 1589 1214 25

250 1237 339 1279 Aut
359 1251 474 1294 spem
495 1238 696 1295 deponas,
719 1246 792 1281 aut
814 1247 945 1281 artem
966 1239 1113 1280 illusus
1135 1238 1317 1281 omittas.

251 1306 415 1362 Magna
433 1306 619 1348 minorve
637 1306 726 1348 foro
747 1306 782 1348 si
802 1321 867 1348 res
886 1306 1111 1348 certabitur
1126 1306 1240 1357 olim,

251 1374 377 1417 Vivet
396 1383 490 1417 uter
508 1375 693 1431 locuples
709 1374 798 1417 sine
813 1375 938 1426 natis,
960 1374 1174 1430 improbus
1194 1375 1304 1417 ultro

251 1442 336 1494 Qui
355 1442 566 1485 meliorem
587 1443 724 1485 audax
743 1451 863 1485 vocet
883 1443 925 1484 in
940 1443 1028 1499 juS,
1049 1443 1162 1485 illius
1184 1452 1272 1485 esto

251 1508 484 1553 Defensor:
515 1510 627 1553 fama
647 1510 779 1553 civem
800 1524 1006 1566 causaque
1025 1510 1203 1566 priorem
1533 1514 1591 1554 30

253 1578 426 1634 Sperne,
447 1578 560 1621 domi
581 1578 616 1620 si
636 1586 759 1621 natus
781 1578 860 1620 erit
878 1578 1110 1621 fecundave
1130 1578 1296 1633 conjux.

252 1645 425 1698 Quinte,
445 1655 562 1702 puta,
581 1655 654 1689 aut
675 1646 804 1689 Publi
827 1644 1032 1702 (gaudent
1052 1646 1308 1702 praenomine
1327 1647 1472 1690 molles

251 1715 490 1770 Auriculae)
506 1715 582 1758 tibi
602 1729 668 1757 me
687 1715 821 1756 virtus
842 1722 914 1757 tua
933 1714 1033 1757 fecit
1054 1716 1232 1757 amicum
1250 1726 1260 1751 2

251 1783 283 1824 J
284 1797 334 1825 us
354 1797 504 1839 anceps
523 1783 637 1835 novi,
658 1798 802 1825 causas
822 1783 1044 1826 defendere
1063 1799 1256 1839 possum:

252 1848 416 1907 Eripiet
434 1851 571 1908 quivis
591 1852 731 1894 oculos
753 1852 877 1894 citius
899 1851 1016 1903 mihi,
1039 1867 1163 1908 quam
1185 1861 1226 1894 te
1529 1857 1587 1897 35

251 1920 523 1962 Contemtum
545 1935 694 1976 quassa
713 1935 821 1962 nuce
840 1928 1040 1975 pauperet
1057 1936 1067 1962 ε
1101 1920 1192 1962 haec
1213 1935 1305 1962 mea
1325 1935 1423 1962 cura
1443 1931 1520 1972 est,

250 1988 319 2030 Ne
339 1988 441 2045 quid
463 1997 511 2031 tu
530 1989 693 2044 perdas,
710 2003 793 2031 neu
814 1988 869 2030 sis
882 1989 1030 2044 jocus:
1063 1988 1124 2030 ire
1144 1989 1312 2031 domum
1334 1998 1458 2045 atque

246 2056 492 2099 Pelliculam
514 2071 657 2099 curare
671 2057 800 2113 jube:
832 2056 860 2097 fi
882 2056 1072 2112 cognitor
1091 2057 1194 2112 ipse.

250 2124 412 2176 Persta,
434 2132 558 2180 atque
578 2124 751 2176 obdura,
774 2139 848 2166 seu
866 2125 991 2167 rubra
1012 2125 1202 2167 canicula
1221 2125 1353 2168 findet

251 2190 440 2233 Infantes
461 2198 644 2240 statuas3
678 2206 750 2232 seu
769 2192 917 2246 pingui
938 2200 1076 2233 tentus
1096 2207 1235 2235 omaso
1532 2198 1587 2237 40

251 2257 406 2300 Furius
425 2258 617 2301 hibernas
637 2273 739 2301 cana
758 2258 856 2300 nive
877 2268 1078 2313 conspuet
1098 2259 1238 2315 Alpes·

251 2326 404 2368 Nonne
422 2325 539 2368 vides
561 2326 724 2382 (aliquis
744 2325 884 2368 cubito
905 2334 1083 2369 stantem
1103 2342 1232 2383 prope
1253 2336 1427 2385 tangens

252 2393 437 2450 Inquiet)
461 2400 508 2435 ut
526 2393 714 2449 patiens!
738 2402 786 2436 ut
805 2394 948 2436 amicis
967 2403 1090 2451 aptus
1108 2398 1116 2439 !
1140 2404 1188 2438 ut
1209 2411 1303 2439 acer
1320 2400 1329 2438 !

250 2461 399 2504 Plures
418 2462 632 2504 annabunt
653 2461 819 2514 thunni,
841 2470 883 2505 et
902 2463 1054 2505 cetaria
1073 2473 1270 2507 crescent.

249 2530 295 2572 Si
315 2529 383 2573 cui
402 2538 601 2586 praeterea
619 2530 782 2572 validus
801 2530 909 2573 male
927 2530 1039 2573 filius
1058 2531 1103 2573 in
1122 2547 1166 2574 re
1525 2537 1581 2578 45

246 2597 452 2640 Praeclara
471 2598 656 2640 sublatus
676 2598 834 2647 aletur;
868 2613 920 2641 ne
940 2600 1203 2642 manifestum

248 2664 422 2707 Coelibis
442 2666 684 2722 obsequium
705 2667 837 2709 nudet
858 2675 912 2719 te,
933 2668 1083 2711 leniter
1102 2669 1145 2711 in
1168 2684 1282 2725 spem

250 2733 422 2788 Adrepe
441 2733 660 2787 officiosus,
681 2743 729 2777 ut
748 2743 790 2777 et
810 2736 987 2779 scribare
1007 2738 1213 2780 secundus

251 2801 417 2852 Haeres,
438 2810 480 2844 et
499 2802 626 2858 siquis
646 2818 763 2846 casus
783 2819 958 2859 puerum
978 2806 1109 2860 egerit
1130 2807 1257 2858 Orco,

1324 2890 1350 2915 Ε
1384 2877 1412 2915 2
