<?xml version="1.0" encoding="UTF-8"?>
<!DOCTYPE html PUBLIC "-//W3C//DTD XHTML 1.0 Transitional//EN"
    "http://www.w3.org/TR/xhtml1/DTD/xhtml1-transitional.dtd">
<html xmlns="http://www.w3.org/1999/xhtml" xml:lang="en" lang="en">
 <head>
  <title>
</title>
<meta http-equiv="Content-Type" content="text/html;charset=utf-8" />
  <meta name='ocr-system' content='tesseract 3.04.00' />
  <meta name='ocr-capabilities' content='ocr_page ocr_carea ocr_par ocr_line ocrx_word'/>
</head>
<body>
  <div class='ocr_page' id='page_1' title='image "./horatiusrestitut00horauoft_0029.png"; bbox 0 0 1916 3282; ppageno 0'>
   <div class='ocr_carea' id='block_1_1' title="bbox 643 225 1621 278">
    <p class='ocr_par' dir='ltr' id='par_1_1' title="bbox 643 225 1621 278">
     <span class='ocr_line' id='line_1_1' title="bbox 643 225 1621 278; baseline 0 -13"><span class='ocrx_word' id='word_1_1' title='bbox 643 239 948 268; x_wconf 69' lang='lat' dir='ltr'>CHRONOLOGY</span> <span class='ocrx_word' id='word_1_2' title='bbox 981 239 1035 266; x_wconf 83' lang='lat' dir='ltr'>oF</span> <span class='ocrx_word' id='word_1_3' title='bbox 1070 239 1232 266; x_wconf 77' lang='lat' dir='ltr'>wonxs.</span> <span class='ocrx_word' id='word_1_4' title='bbox 1268 252 1272 256; x_wconf 84' lang='lat'><em>·</em></span> <span class='ocrx_word' id='word_1_5' title='bbox 1559 225 1621 278; x_wconf 89' lang='lat'>(5)</span> 
     </span>
    </p>
   </div>
   <div class='ocr_carea' id='block_1_2' title="bbox 202 338 1624 2886">
    <p class='ocr_par' dir='ltr' id='par_1_2' title="bbox 217 338 1624 750">
     <span class='ocr_line' id='line_1_2' title="bbox 218 338 1622 396; baseline -0.001 -14"><span class='ocrx_word' id='word_1_6' title='bbox 218 339 294 396; x_wconf 86' lang='lat' dir='ltr'>qui</span> <span class='ocrx_word' id='word_1_7' title='bbox 313 339 358 382; x_wconf 79' lang='lat' dir='ltr'>id</span> <span class='ocrx_word' id='word_1_8' title='bbox 378 354 526 382; x_wconf 91' lang='lat' dir='ltr'>nomen</span> <span class='ocrx_word' id='word_1_9' title='bbox 543 348 787 382; x_wconf 87' lang='lat' dir='ltr'>consecutus</span> <span class='ocrx_word' id='word_1_10' title='bbox 807 349 884 391; x_wconf 77' lang='lat' dir='ltr'>est,</span> <span class='ocrx_word' id='word_1_11' title='bbox 906 355 1014 382; x_wconf 88' lang='lat' dir='ltr'>anno</span> <span class='ocrx_word' id='word_1_12' title='bbox 1034 341 1199 382; x_wconf 87' lang='lat' dir='ltr'>demum</span> <span class='ocrx_word' id='word_1_13' title='bbox 1219 339 1361 382; x_wconf 85' lang='lat' dir='ltr'>Flacci</span> <span class='ocrx_word' id='word_1_14' title='bbox 1384 353 1555 387; x_wconf 80' lang='lat' dir='ltr'>xxx¹x;</span> <span class='ocrx_word' id='word_1_15' title='bbox 1580 338 1622 380; x_wconf 92' lang='lat' dir='ltr'>in</span> 
     </span>
     <span class='ocr_line' id='line_1_3' title="bbox 219 413 1621 470; baseline -0.001 -14"><span class='ocrx_word' id='word_1_16' title='bbox 219 413 489 470; x_wconf 80' lang='lat' dir='ltr'><strong>sequentibus</strong></span> <span class='ocrx_word' id='word_1_17' title='bbox 519 428 618 455; x_wconf 86' lang='lat' dir='ltr'>vero</span> <span class='ocrx_word' id='word_1_18' title='bbox 652 413 803 468; x_wconf 88' lang='lat' dir='ltr'>passim</span> <span class='ocrx_word' id='word_1_19' title='bbox 836 413 1058 467; x_wconf 64' lang='lat' dir='ltr'>Augustus</span> <span class='ocrx_word' id='word_1_20' title='bbox 1093 413 1339 468; x_wconf 84' lang='lat' dir='ltr'>appellatur.</span> <span class='ocrx_word' id='word_1_21' title='bbox 1401 413 1510 457; x_wconf 85' lang='lat' dir='ltr'>Inde</span> <span class='ocrx_word' id='word_1_22' title='bbox 1545 421 1621 464; x_wconf 84' lang='lat' dir='ltr'>est,</span> 
     </span>
     <span class='ocr_line' id='line_1_4' title="bbox 217 486 1619 543; baseline -0.001 -14"><span class='ocrx_word' id='word_1_23' title='bbox 217 487 333 543; x_wconf 89' lang='lat' dir='ltr'>quod</span> <span class='ocrx_word' id='word_1_24' title='bbox 351 487 396 529; x_wconf 92' lang='lat' dir='ltr'>in</span> <span class='ocrx_word' id='word_1_25' title='bbox 418 486 685 529; x_wconf 64' lang='lat' dir='ltr'>Ser-monibus</span> <span class='ocrx_word' id='word_1_26' title='bbox 705 494 747 528; x_wconf 87' lang='lat' dir='ltr'>et</span> <span class='ocrx_word' id='word_1_27' title='bbox 767 486 930 541; x_wconf 90' lang='lat' dir='ltr'>Epodis</span> <span class='ocrx_word' id='word_1_28' title='bbox 949 488 1166 528; x_wconf 73' lang='lat' dir='ltr'>Juvenem</span> <span class='ocrx_word' id='word_1_29' title='bbox 1186 502 1229 527; x_wconf 88' lang='lat' dir='ltr'>se</span> <span class='ocrx_word' id='word_1_30' title='bbox 1258 487 1412 543; x_wconf 90' lang='lat' dir='ltr'>ubique</span> <span class='ocrx_word' id='word_1_31' title='bbox 1433 486 1619 534; x_wconf 55' lang='lat' dir='ltr'>indicam</span> 
     </span>
     <span class='ocr_line' id='line_1_5' title="bbox 219 558 1624 616; baseline -0.002 -13"><span class='ocrx_word' id='word_1_32' title='bbox 219 569 264 613; x_wconf 80' lang='lat' dir='ltr'>et</span> <span class='ocrx_word' id='word_1_33' title='bbox 281 560 394 616; x_wconf 89' lang='lat' dir='ltr'>quod</span> <span class='ocrx_word' id='word_1_34' title='bbox 424 559 511 602; x_wconf 82' lang='lat' dir='ltr'>sola</span> <span class='ocrx_word' id='word_1_35' title='bbox 543 559 769 602; x_wconf 83' lang='lat' dir='ltr'><strong>Satirarum</strong></span> <span class='ocrx_word' id='word_1_36' title='bbox 790 558 914 600; x_wconf 87' lang='lat' dir='ltr'>laude</span> <span class='ocrx_word' id='word_1_37' title='bbox 943 558 1183 600; x_wconf 83' lang='lat' dir='ltr'><strong>inclaruisse</strong></span> <span class='ocrx_word' id='word_1_38' title='bbox 1205 573 1247 600; x_wconf 89' lang='lat' dir='ltr'>se</span> <span class='ocrx_word' id='word_1_39' title='bbox 1267 559 1385 610; x_wconf 80' lang='lat' dir='ltr'>dicit,</span> <span class='ocrx_word' id='word_1_40' title='bbox 1417 568 1465 601; x_wconf 92' lang='lat' dir='ltr'>ut</span> <span class='ocrx_word' id='word_1_41' title='bbox 1487 561 1624 601; x_wconf 52' lang='lat' dir='ltr'>Buce*-</span> 
     </span>
     <span class='ocr_line' id='line_1_6' title="bbox 217 630 1620 689; baseline -0.002 -13"><span class='ocrx_word' id='word_1_42' title='bbox 217 631 391 676; x_wconf 80' lang='lat' dir='ltr'>lieorum</span> <span class='ocrx_word' id='word_1_43' title='bbox 413 641 502 676; x_wconf 90' lang='lat' dir='ltr'>tum</span> <span class='ocrx_word' id='word_1_44' title='bbox 520 633 741 689; x_wconf 87' lang='lat' dir='ltr'>Virgilium</span> <span class='ocrx_word' id='word_1_45' title='bbox 760 630 914 684; x_wconf 89' lang='lat' dir='ltr'>(Serm.</span> <span class='ocrx_word' id='word_1_46' title='bbox 933 646 966 684; x_wconf 90' lang='lat'>1,</span> <span class='ocrx_word' id='word_1_47' title='bbox 984 633 1052 674; x_wconf 89' lang='lat'>10.</span> <span class='ocrx_word' id='word_1_48' title='bbox 1069 645 1111 674; x_wconf 76' lang='lat' dir='ltr'>v·</span> <span class='ocrx_word' id='word_1_49' title='bbox 1128 631 1219 686; x_wconf 82' lang='lat'>46.)</span> <span class='ocrx_word' id='word_1_50' title='bbox 1236 632 1352 674; x_wconf 79' lang='lat' dir='ltr'>nulla</span> <span class='ocrx_word' id='word_1_51' title='bbox 1372 632 1620 688; x_wconf 88' lang='lat' dir='ltr'>Lyricorum</span> 
     </span>
     <span class='ocr_line' id='line_1_7' title="bbox 217 707 570 750; baseline -0.003 -1"><span class='ocrx_word' id='word_1_52' title='bbox 217 707 429 750; x_wconf 81' lang='lat' dir='ltr'>mentione</span> <span class='ocrx_word' id='word_1_53' title='bbox 446 707 570 749; x_wconf 80' lang='lat' dir='ltr'>facta.</span> 
     </span>
    </p>

    <p class='ocr_par' dir='ltr' id='par_1_3' title="bbox 276 779 1621 839">
     <span class='ocr_line' id='line_1_8' title="bbox 276 779 1621 839; baseline 0.001 -18"><span class='ocrx_word' id='word_1_54' title='bbox 276 781 324 839; x_wconf 63' lang='lat' dir='ltr'>qT</span> <span class='ocrx_word' id='word_1_55' title='bbox 341 779 382 835; x_wconf 85' lang='lat'>7.</span> <span class='ocrx_word' id='word_1_56' title='bbox 415 781 468 823; x_wconf 91' lang='lat' dir='ltr'>In</span> <span class='ocrx_word' id='word_1_57' title='bbox 490 779 635 823; x_wconf 89' lang='lat' dir='ltr'>ceteris</span> <span class='ocrx_word' id='word_1_58' title='bbox 656 788 794 822; x_wconf 86' lang='lat' dir='ltr'>autem</span> <span class='ocrx_word' id='word_1_59' title='bbox 824 780 1000 835; x_wconf 87' lang='lat' dir='ltr'>singulis</span> <span class='ocrx_word' id='word_1_60' title='bbox 1029 780 1289 836; x_wconf 90' lang='lat' dir='ltr'>procedentis</span> <span class='ocrx_word' id='word_1_61' title='bbox 1310 779 1446 828; x_wconf 79' lang='lat' dir='ltr'>aetatis</span> <span class='ocrx_word' id='word_1_62' title='bbox 1466 779 1621 834; x_wconf 81' lang='lat' dir='ltr'>gradus</span> 
     </span>
    </p>

    <p class='ocr_par' dir='ltr' id='par_1_4' title="bbox 202 853 1622 2381">
     <span class='ocr_line' id='line_1_9' title="bbox 215 853 1620 910; baseline -0.001 -14"><span class='ocrx_word' id='word_1_63' title='bbox 215 853 468 910; x_wconf 70' lang='lat' dir='ltr'>planissimis</span> <span class='ocrx_word' id='word_1_64' title='bbox 489 853 617 909; x_wconf 89' lang='lat' dir='ltr'>signis</span> <span class='ocrx_word' id='word_1_65' title='bbox 638 853 818 895; x_wconf 90' lang='lat' dir='ltr'>indicat:</span> <span class='ocrx_word' id='word_1_66' title='bbox 851 853 979 909; x_wconf 90' lang='lat' dir='ltr'>idque</span> <span class='ocrx_word' id='word_1_67' title='bbox 1001 853 1079 895; x_wconf 89' lang='lat' dir='ltr'>tibi</span> <span class='ocrx_word' id='word_1_68' title='bbox 1101 869 1152 896; x_wconf 87' lang='lat' dir='ltr'>ex</span> <span class='ocrx_word' id='word_1_69' title='bbox 1172 854 1251 896; x_wconf 88' lang='lat' dir='ltr'>hac</span> <span class='ocrx_word' id='word_1_70' title='bbox 1281 853 1386 896; x_wconf 87' lang='lat' dir='ltr'>serie</span> <span class='ocrx_word' id='word_1_71' title='bbox 1398 853 1488 909; x_wconf 87' lang='lat' dir='ltr'>jam</span> <span class='ocrx_word' id='word_1_72' title='bbox 1510 868 1534 894; x_wconf 89' lang='lat' dir='ltr'>a</span> <span class='ocrx_word' id='word_1_73' title='bbox 1556 868 1620 894; x_wconf 87' lang='lat' dir='ltr'>me</span> 
     </span>
     <span class='ocr_line' id='line_1_10' title="bbox 215 927 1619 983; baseline -0.001 -14"><span class='ocrx_word' id='word_1_74' title='bbox 215 927 497 970; x_wconf 80' lang='lat' dir='ltr'>demonstrata</span> <span class='ocrx_word' id='word_1_75' title='bbox 523 927 761 983; x_wconf 87' lang='lat' dir='ltr'>jucundum</span> <span class='ocrx_word' id='word_1_76' title='bbox 796 928 874 969; x_wconf 90' lang='lat' dir='ltr'>erit</span> <span class='ocrx_word' id='word_1_77' title='bbox 906 927 1259 977; x_wconf 81' lang='lat' dir='ltr'>animadvertere3</span> <span class='ocrx_word' id='word_1_78' title='bbox 1293 942 1387 970; x_wconf 92' lang='lat' dir='ltr'>cum</span> <span class='ocrx_word' id='word_1_79' title='bbox 1428 927 1619 983; x_wconf 79' lang='lat' dir='ltr'>operibus</span> 
     </span>
     <span class='ocr_line' id='line_1_11' title="bbox 215 1001 1621 1057; baseline 0.001 -15"><span class='ocrx_word' id='word_1_80' title='bbox 215 1001 483 1043; x_wconf 87' lang='lat' dir='ltr'>Juvenilibus</span> <span class='ocrx_word' id='word_1_81' title='bbox 512 1001 646 1043; x_wconf 79' lang='lat' dir='ltr'>multa</span> <span class='ocrx_word' id='word_1_82' title='bbox 675 1001 865 1043; x_wconf 86' lang='lat' dir='ltr'>obscaena</span> <span class='ocrx_word' id='word_1_83' title='bbox 885 1010 926 1043; x_wconf 90' lang='lat' dir='ltr'>et</span> <span class='ocrx_word' id='word_1_84' title='bbox 946 1001 1151 1057; x_wconf 85' lang='lat' dir='ltr'>flagitiosa</span> <span class='ocrx_word' id='word_1_85' title='bbox 1171 1002 1328 1050; x_wconf 89' lang='lat' dir='ltr'>insint;</span> <span class='ocrx_word' id='word_1_86' title='bbox 1362 1010 1519 1057; x_wconf 87' lang='lat' dir='ltr'>quanto</span> <span class='ocrx_word' id='word_1_87' title='bbox 1548 1017 1621 1044; x_wconf 86' lang='lat' dir='ltr'>an-</span> 
     </span>
     <span class='ocr_line' id='line_1_12' title="bbox 215 1073 1622 1131; baseline 0.001 -16"><span class='ocrx_word' id='word_1_88' title='bbox 215 1073 280 1115; x_wconf 89' lang='lat' dir='ltr'>nis</span> <span class='ocrx_word' id='word_1_89' title='bbox 298 1074 531 1130; x_wconf 82' lang='lat' dir='ltr'>provectior</span> <span class='ocrx_word' id='word_1_90' title='bbox 551 1082 653 1125; x_wconf 85' lang='lat' dir='ltr'>erat,</span> <span class='ocrx_word' id='word_1_91' title='bbox 675 1083 791 1116; x_wconf 86' lang='lat' dir='ltr'>tanto</span> <span class='ocrx_word' id='word_1_92' title='bbox 812 1089 905 1116; x_wconf 91' lang='lat' dir='ltr'>eum</span> <span class='ocrx_word' id='word_1_93' title='bbox 929 1083 970 1117; x_wconf 94' lang='lat' dir='ltr'>et</span> <span class='ocrx_word' id='word_1_94' title='bbox 990 1076 1152 1131; x_wconf 66' lang='lat' dir='ltr'>poetica</span> <span class='ocrx_word' id='word_1_95' title='bbox 1169 1075 1321 1117; x_wconf 90' lang='lat' dir='ltr'>virtute</span> <span class='ocrx_word' id='word_1_96' title='bbox 1342 1084 1383 1117; x_wconf 90' lang='lat' dir='ltr'>et</span> <span class='ocrx_word' id='word_1_97' title='bbox 1403 1090 1622 1131; x_wconf 86' lang='lat' dir='ltr'>argumen-</span> 
     </span>
     <span class='ocr_line' id='line_1_13' title="bbox 215 1147 1621 1204; baseline 0.001 -15"><span class='ocrx_word' id='word_1_98' title='bbox 215 1155 349 1189; x_wconf 86' lang='lat' dir='ltr'>torum</span> <span class='ocrx_word' id='word_1_99' title='bbox 373 1147 578 1203; x_wconf 82' lang='lat' dir='ltr'>dignitate</span> <span class='ocrx_word' id='word_1_100' title='bbox 597 1147 884 1203; x_wconf 83' lang='lat' dir='ltr'>gravitateque</span> <span class='ocrx_word' id='word_1_101' title='bbox 906 1147 1117 1190; x_wconf 88' lang='lat' dir='ltr'>meliorem</span> <span class='ocrx_word' id='word_1_102' title='bbox 1139 1148 1436 1204; x_wconf 90' lang='lat' dir='ltr'>castioremque</span> <span class='ocrx_word' id='word_1_103' title='bbox 1457 1164 1621 1204; x_wconf 86' lang='lat' dir='ltr'>semper</span> 
     </span>
     <span class='ocr_line' id='line_1_14' title="bbox 212 1206 405 1263; baseline -0.005 -1"><span class='ocrx_word' id='word_1_104' title='bbox 212 1206 405 1263; x_wconf 75' lang='lat' dir='ltr'>evasisse.</span> 
     </span>
     <span class='ocr_line' id='line_1_15' title="bbox 214 1294 1616 1352; baseline 0.002 -15"><span class='ocrx_word' id='word_1_105' title='bbox 214 1316 220 1322; x_wconf 95' lang='lat'>·</span> <span class='ocrx_word' id='word_1_106' title='bbox 274 1294 323 1352; x_wconf 58' lang='grc' dir='ltr'>ἿῙ</span> <span class='ocrx_word' id='word_1_107' title='bbox 335 1296 377 1337; x_wconf 90' lang='grc'>8.</span> <span class='ocrx_word' id='word_1_108' title='bbox 409 1296 605 1338; x_wconf 86' lang='lat' dir='ltr'>Ceterum</span> <span class='ocrx_word' id='word_1_109' title='bbox 623 1295 874 1352; x_wconf 91' lang='lat' dir='ltr'>ubicumque</span> <span class='ocrx_word' id='word_1_110' title='bbox 889 1295 967 1336; x_wconf 89' lang='lat' dir='ltr'>viri</span> <span class='ocrx_word' id='word_1_111' title='bbox 989 1295 1219 1337; x_wconf 89' lang='lat' dir='ltr'>doctissimi</span> <span class='ocrx_word' id='word_1_112' title='bbox 1239 1303 1355 1337; x_wconf 85' lang='lat' dir='ltr'>extra</span> <span class='ocrx_word' id='word_1_113' title='bbox 1373 1296 1527 1339; x_wconf 86' lang='lat' dir='ltr'>limites</span> <span class='ocrx_word' id='word_1_114' title='bbox 1547 1298 1616 1340; x_wconf 78' lang='lat' dir='ltr'>hic</span> 
     </span>
     <span class='ocr_line' id='line_1_16' title="bbox 202 1367 1618 1426; baseline 0.001 -15"><span class='ocrx_word' id='word_1_115' title='bbox 202 1367 369 1424; x_wconf 71' lang='lat' dir='ltr'>‚positos</span> <span class='ocrx_word' id='word_1_116' title='bbox 398 1368 443 1410; x_wconf 91' lang='lat' dir='ltr'>in</span> <span class='ocrx_word' id='word_1_117' title='bbox 472 1369 743 1426; x_wconf 81' lang='lat' dir='ltr'>adsignandis</span> <span class='ocrx_word' id='word_1_118' title='bbox 772 1369 1026 1425; x_wconf 88' lang='lat' dir='ltr'>temporibus</span> <span class='ocrx_word' id='word_1_119' title='bbox 1061 1378 1305 1425; x_wconf 82' lang='lat' dir='ltr'>evagantur,</span> <span class='ocrx_word' id='word_1_120' title='bbox 1330 1370 1452 1413; x_wconf 89' lang='lat' dir='ltr'>toties</span> <span class='ocrx_word' id='word_1_121' title='bbox 1482 1371 1544 1412; x_wconf 93' lang='lat' dir='ltr'>illi</span> <span class='ocrx_word' id='word_1_122' title='bbox 1575 1372 1618 1413; x_wconf 91' lang='lat' dir='ltr'>in</span> 
     </span>
     <span class='ocr_line' id='line_1_17' title="bbox 211 1439 1619 1501; baseline 0.003 -18"><span class='ocrx_word' id='word_1_123' title='bbox 211 1455 368 1484; x_wconf 85' lang='lat' dir='ltr'>errores</span> <span class='ocrx_word' id='word_1_124' title='bbox 387 1443 674 1498; x_wconf 85' lang='lat' dir='ltr'>prolabuntur.</span> <span class='ocrx_word' id='word_1_125' title='bbox 736 1443 879 1486; x_wconf 87' lang='lat' dir='ltr'>Facile</span> <span class='ocrx_word' id='word_1_126' title='bbox 893 1444 1060 1500; x_wconf 91' lang='lat' dir='ltr'>quidem</span> <span class='ocrx_word' id='word_1_127' title='bbox 1082 1443 1186 1486; x_wconf 91' lang='lat' dir='ltr'>mihi</span> <span class='ocrx_word' id='word_1_128' title='bbox 1203 1439 1310 1486; x_wconf 84' lang='lat' dir='ltr'>foret</span> <span class='ocrx_word' id='word_1_129' title='bbox 1325 1444 1370 1486; x_wconf 89' lang='lat' dir='ltr'>id</span> <span class='ocrx_word' id='word_1_130' title='bbox 1386 1445 1429 1486; x_wconf 91' lang='lat' dir='ltr'>in</span> <span class='ocrx_word' id='word_1_131' title='bbox 1443 1445 1619 1501; x_wconf 88' lang='lat' dir='ltr'>singulis</span> 
     </span>
     <span class='ocr_line' id='line_1_18' title="bbox 213 1515 1618 1574; baseline 0.004 -17"><span class='ocrx_word' id='word_1_132' title='bbox 213 1515 458 1566; x_wconf 82' lang='lat' dir='ltr'>ostendere;</span> <span class='ocrx_word' id='word_1_133' title='bbox 491 1531 635 1559; x_wconf 88' lang='lat' dir='ltr'>verum</span> <span class='ocrx_word' id='word_1_134' title='bbox 657 1532 787 1559; x_wconf 91' lang='lat' dir='ltr'>unum</span> <span class='ocrx_word' id='word_1_135' title='bbox 810 1518 932 1559; x_wconf 87' lang='lat' dir='ltr'>modo</span> <span class='ocrx_word' id='word_1_136' title='bbox 953 1517 1183 1560; x_wconf 85' lang='lat' dir='ltr'>alterumve</span> <span class='ocrx_word' id='word_1_137' title='bbox 1203 1518 1272 1560; x_wconf 92' lang='lat' dir='ltr'>hic</span> <span class='ocrx_word' id='word_1_138' title='bbox 1304 1519 1523 1574; x_wconf 88' lang='lat' dir='ltr'>attingam,</span> <span class='ocrx_word' id='word_1_139' title='bbox 1553 1535 1618 1562; x_wconf 90' lang='lat' dir='ltr'>ce-</span> 
     </span>
     <span class='ocr_line' id='line_1_19' title="bbox 214 1589 1620 1647; baseline 0.004 -17"><span class='ocrx_word' id='word_1_140' title='bbox 214 1597 302 1631; x_wconf 82' lang='lat' dir='ltr'>tera</span> <span class='ocrx_word' id='word_1_141' title='bbox 322 1597 407 1631; x_wconf 85' lang='lat' dir='ltr'>tuae</span> <span class='ocrx_word' id='word_1_142' title='bbox 426 1589 644 1632; x_wconf 87' lang='lat' dir='ltr'>industriae</span> <span class='ocrx_word' id='word_1_143' title='bbox 658 1591 908 1647; x_wconf 87' lang='lat' dir='ltr'>relinquens.</span> <span class='ocrx_word' id='word_1_144' title='bbox 931 1591 1053 1633; x_wconf 91' lang='lat' dir='ltr'>Libri</span> <span class='ocrx_word' id='word_1_145' title='bbox 1075 1606 1105 1632; x_wconf 88' lang='lat'>1.</span> <span class='ocrx_word' id='word_1_146' title='bbox 1130 1593 1308 1634; x_wconf 86' lang='lat' dir='ltr'>Carmen</span> <span class='ocrx_word' id='word_1_147' title='bbox 1331 1594 1401 1644; x_wconf 83' lang='lat'>21,</span> <span class='ocrx_word' id='word_1_148' title='bbox 1419 1594 1620 1635; x_wconf 76' lang='lat' dir='ltr'>Dianam</span> 
     </span>
     <span class='ocr_line' id='line_1_20' title="bbox 213 1665 1619 1720; baseline 0.004 -16"><span class='ocrx_word' id='word_1_149' title='bbox 213 1667 380 1705; x_wconf 63' lang='lat' dir='ltr'>temerae</span> <span class='ocrx_word' id='word_1_150' title='bbox 412 1665 542 1706; x_wconf 78' lang='lat' dir='ltr'>dicite</span> <span class='ocrx_word' id='word_1_151' title='bbox 569 1666 784 1718; x_wconf 79' lang='lat' dir='ltr'>Virgines,</span> <span class='ocrx_word' id='word_1_152' title='bbox 815 1679 1029 1720; x_wconf 89' lang='lat' dir='ltr'>perperam</span> <span class='ocrx_word' id='word_1_153' title='bbox 1052 1665 1271 1707; x_wconf 74' lang='lat' dir='ltr'>Saeculare</span> <span class='ocrx_word' id='word_1_154' title='bbox 1296 1675 1462 1719; x_wconf 86' lang='lat' dir='ltr'>vocant,</span> <span class='ocrx_word' id='word_1_155' title='bbox 1494 1676 1538 1709; x_wconf 89' lang='lat' dir='ltr'>et</span> <span class='ocrx_word' id='word_1_156' title='bbox 1566 1669 1619 1710; x_wconf 86' lang='lat' dir='ltr'>ad</span> 
     </span>
     <span class='ocr_line' id='line_1_21' title="bbox 215 1737 1618 1797; baseline 0.004 -19"><span class='ocrx_word' id='word_1_157' title='bbox 215 1737 384 1779; x_wconf 77' lang='lat' dir='ltr'>Horatii</span> <span class='ocrx_word' id='word_1_158' title='bbox 404 1752 558 1779; x_wconf 87' lang='lat' dir='ltr'>annum</span> <span class='ocrx_word' id='word_1_159' title='bbox 580 1752 707 1779; x_wconf 82' lang='lat' dir='ltr'><strong>XLIX.</strong></span> <span class='ocrx_word' id='word_1_160' title='bbox 729 1738 942 1790; x_wconf 84' lang='lat' dir='ltr'>referunt3</span> <span class='ocrx_word' id='word_1_161' title='bbox 973 1738 1164 1793; x_wconf 88' lang='lat' dir='ltr'>ringente</span> <span class='ocrx_word' id='word_1_162' title='bbox 1197 1740 1411 1792; x_wconf 85' lang='lat' dir='ltr'>Suetonio,</span> <span class='ocrx_word' id='word_1_163' title='bbox 1442 1742 1514 1797; x_wconf 92' lang='lat' dir='ltr'>qui</span> <span class='ocrx_word' id='word_1_164' title='bbox 1537 1751 1618 1784; x_wconf 89' lang='lat' dir='ltr'>tres</span> 
     </span>
     <span class='ocr_line' id='line_1_22' title="bbox 215 1810 1619 1869; baseline 0.004 -17"><span class='ocrx_word' id='word_1_165' title='bbox 215 1810 458 1853; x_wconf 67' lang='lat' dir='ltr'>Carm&#39;inum</span> <span class='ocrx_word' id='word_1_166' title='bbox 491 1811 618 1854; x_wconf 88' lang='lat' dir='ltr'>libros</span> <span class='ocrx_word' id='word_1_167' title='bbox 639 1813 767 1865; x_wconf 77' lang='lat' dir='ltr'>longo</span> <span class='ocrx_word' id='word_1_168' title='bbox 794 1812 1027 1853; x_wconf 77' lang='lat' dir='ltr'>intervallo</span> <span class='ocrx_word' id='word_1_169' title='bbox 1057 1827 1151 1854; x_wconf 91' lang='lat' dir='ltr'>eum</span> <span class='ocrx_word' id='word_1_170' title='bbox 1185 1827 1339 1855; x_wconf 85' lang='lat' dir='ltr'>annum</span> <span class='ocrx_word' id='word_1_171' title='bbox 1361 1816 1619 1869; x_wconf 77' lang='lat' dir='ltr'>praecessisse</span> 
     </span>
     <span class='ocr_line' id='line_1_23' title="bbox 213 1885 1618 1942; baseline 0.004 -16"><span class='ocrx_word' id='word_1_172' title='bbox 213 1892 400 1927; x_wconf 78' lang='lat' dir='ltr'>testatur.</span> <span class='ocrx_word' id='word_1_173' title='bbox 459 1885 590 1941; x_wconf 87' lang='lat' dir='ltr'>Atqui</span> <span class='ocrx_word' id='word_1_174' title='bbox 619 1885 728 1927; x_wconf 90' lang='lat' dir='ltr'>nihil</span> <span class='ocrx_word' id='word_1_175' title='bbox 758 1886 978 1942; x_wconf 88' lang='lat' dir='ltr'>quicquam</span> <span class='ocrx_word' id='word_1_176' title='bbox 1010 1886 1080 1927; x_wconf 87' lang='lat' dir='ltr'>hic</span> <span class='ocrx_word' id='word_1_177' title='bbox 1110 1887 1163 1928; x_wconf 92' lang='lat' dir='ltr'>de</span> <span class='ocrx_word' id='word_1_178' title='bbox 1184 1888 1487 1930; x_wconf 67' lang='lat' dir='ltr'>Saecularibus</span> <span class='ocrx_word' id='word_1_179' title='bbox 1508 1890 1618 1932; x_wconf 89' lang='lat' dir='ltr'>ludis</span> 
     </span>
     <span class='ocr_line' id='line_1_24' title="bbox 211 1957 1616 2018; baseline 0.004 -18"><span class='ocrx_word' id='word_1_180' title='bbox 211 1957 427 2013; x_wconf 76' lang='lat' dir='ltr'>proditur-3</span> <span class='ocrx_word' id='word_1_181' title='bbox 461 1959 534 2001; x_wconf 91' lang='lat' dir='ltr'>sed</span> <span class='ocrx_word' id='word_1_182' title='bbox 559 1967 632 2002; x_wconf 87' lang='lat' dir='ltr'>aut</span> <span class='ocrx_word' id='word_1_183' title='bbox 658 1960 712 2001; x_wconf 86' lang='lat' dir='ltr'>ad</span> <span class='ocrx_word' id='word_1_184' title='bbox 743 1960 897 2001; x_wconf 86' lang='lat' dir='ltr'>Dianae</span> <span class='ocrx_word' id='word_1_185' title='bbox 928 1968 1000 2002; x_wconf 85' lang='lat' dir='ltr'>aut</span> <span class='ocrx_word' id='word_1_186' title='bbox 1020 1960 1230 2016; x_wconf 88' lang='lat' dir='ltr'>Apollinis</span> <span class='ocrx_word' id='word_1_187' title='bbox 1259 1961 1410 2003; x_wconf 88' lang='lat' dir='ltr'>festum</span> <span class='ocrx_word' id='word_1_188' title='bbox 1443 1973 1616 2018; x_wconf 87' lang='lat' dir='ltr'>spectat,</span> 
     </span>
     <span class='ocr_line' id='line_1_25' title="bbox 211 2031 1618 2090; baseline 0.005 -17"><span class='ocrx_word' id='word_1_189' title='bbox 211 2045 385 2088; x_wconf 89' lang='lat' dir='ltr'>quorum</span> <span class='ocrx_word' id='word_1_190' title='bbox 406 2031 514 2074; x_wconf 90' lang='lat' dir='ltr'>illud</span> <span class='ocrx_word' id='word_1_191' title='bbox 534 2047 674 2075; x_wconf 89' lang='lat' dir='ltr'>mense</span> <span class='ocrx_word' id='word_1_192' title='bbox 695 2034 902 2088; x_wconf 86' lang='lat' dir='ltr'>Augusto,</span> <span class='ocrx_word' id='word_1_193' title='bbox 923 2033 1003 2075; x_wconf 90' lang='lat' dir='ltr'>hoc</span> <span class='ocrx_word' id='word_1_194' title='bbox 1024 2034 1054 2075; x_wconf 89' lang='lat' dir='ltr'><strong>J</strong></span> <span class='ocrx_word' id='word_1_195' title='bbox 1059 2034 1144 2075; x_wconf 92' lang='lat' dir='ltr'>ulio</span> <span class='ocrx_word' id='word_1_196' title='bbox 1165 2034 1341 2090; x_wconf 90' lang='lat' dir='ltr'>singulis</span> <span class='ocrx_word' id='word_1_197' title='bbox 1372 2037 1490 2078; x_wconf 84' lang='lat' dir='ltr'>annis</span> <span class='ocrx_word' id='word_1_198' title='bbox 1513 2039 1618 2080; x_wconf 89' lang='lat' dir='ltr'>cele-</span> 
     </span>
     <span class='ocr_line' id='line_1_26' title="bbox 212 2105 1619 2162; baseline 0.004 -14"><span class='ocrx_word' id='word_1_199' title='bbox 212 2105 420 2152; x_wconf 79' lang='lat' dir='ltr'>brabatur.</span> <span class='ocrx_word' id='word_1_200' title='bbox 450 2107 613 2148; x_wconf 89' lang='lat' dir='ltr'>Eodem</span> <span class='ocrx_word' id='word_1_201' title='bbox 629 2107 810 2162; x_wconf 87' lang='lat' dir='ltr'>pertinet</span> <span class='ocrx_word' id='word_1_202' title='bbox 828 2107 987 2149; x_wconf 87' lang='lat' dir='ltr'>Catulli</span> <span class='ocrx_word' id='word_1_203' title='bbox 1004 2122 1167 2149; x_wconf 88' lang='lat' dir='ltr'>carmen</span> <span class='ocrx_word' id='word_1_204' title='bbox 1197 2123 1335 2160; x_wconf 75' lang='lat' dir='ltr'>XXXV,</span> <span class='ocrx_word' id='word_1_205' title='bbox 1358 2111 1525 2153; x_wconf 78' lang='lat' dir='ltr'>Dianoe</span> <span class='ocrx_word' id='word_1_206' title='bbox 1545 2128 1619 2153; x_wconf 72' lang='lat' dir='ltr'>su-</span> 
     </span>
     <span class='ocr_line' id='line_1_27' title="bbox 210 2180 1616 2238; baseline 0.004 -18"><span class='ocrx_word' id='word_1_207' title='bbox 210 2192 308 2220; x_wconf 77' lang='lat' dir='ltr'>mus</span> <span class='ocrx_word' id='word_1_208' title='bbox 336 2181 386 2221; x_wconf 82' lang='lat' dir='ltr'>in</span> <span class='ocrx_word' id='word_1_209' title='bbox 400 2181 526 2236; x_wconf 83' lang='lat' dir='ltr'>fide‚·</span> <span class='ocrx_word' id='word_1_210' title='bbox 559 2181 670 2235; x_wconf 90' lang='lat' dir='ltr'>quod</span> <span class='ocrx_word' id='word_1_211' title='bbox 701 2181 930 2222; x_wconf 80' lang='lat' dir='ltr'>Saeculare</span> <span class='ocrx_word' id='word_1_212' title='bbox 964 2180 1088 2222; x_wconf 84' lang='lat' dir='ltr'>etiam</span> <span class='ocrx_word' id='word_1_213' title='bbox 1111 2196 1135 2222; x_wconf 85' lang='lat' dir='ltr'>a</span> <span class='ocrx_word' id='word_1_214' title='bbox 1155 2182 1254 2223; x_wconf 89' lang='lat' dir='ltr'>viris</span> <span class='ocrx_word' id='word_1_215' title='bbox 1280 2183 1412 2224; x_wconf 91' lang='lat' dir='ltr'>doctis</span> <span class='ocrx_word' id='word_1_216' title='bbox 1440 2185 1616 2238; x_wconf 89' lang='lat' dir='ltr'>pessime</span> 
     </span>
     <span class='ocr_line' id='line_1_28' title="bbox 212 2249 1614 2312; baseline 0.005 -19"><span class='ocrx_word' id='word_1_217' title='bbox 212 2249 476 2302; x_wconf 84' lang='lat' dir='ltr'>inscribitur;</span> <span class='ocrx_word' id='word_1_218' title='bbox 509 2267 601 2295; x_wconf 90' lang='lat' dir='ltr'>cum</span> <span class='ocrx_word' id='word_1_219' title='bbox 634 2253 742 2294; x_wconf 89' lang='lat' dir='ltr'>nihil</span> <span class='ocrx_word' id='word_1_220' title='bbox 765 2253 824 2295; x_wconf 91' lang='lat' dir='ltr'>ibi</span> <span class='ocrx_word' id='word_1_221' title='bbox 855 2255 907 2295; x_wconf 92' lang='lat' dir='ltr'>de</span> <span class='ocrx_word' id='word_1_222' title='bbox 939 2255 1112 2296; x_wconf 68' lang='lat' dir='ltr'>Saeczdo</span> <span class='ocrx_word' id='word_1_223' title='bbox 1143 2254 1359 2306; x_wconf 87' lang='lat' dir='ltr'>habeatur,</span> <span class='ocrx_word' id='word_1_224' title='bbox 1391 2256 1507 2312; x_wconf 92' lang='lat' dir='ltr'>isque</span> <span class='ocrx_word' id='word_1_225' title='bbox 1542 2259 1614 2300; x_wconf 88' lang='lat' dir='ltr'>diu</span> 
     </span>
     <span class='ocr_line' id='line_1_29' title="bbox 210 2325 1247 2381; baseline 0.001 -14"><span class='ocrx_word' id='word_1_226' title='bbox 210 2325 321 2368; x_wconf 87' lang='lat' dir='ltr'>diem</span> <span class='ocrx_word' id='word_1_227' title='bbox 342 2325 491 2368; x_wconf 89' lang='lat' dir='ltr'>obierit</span> <span class='ocrx_word' id='word_1_228' title='bbox 511 2334 606 2368; x_wconf 86' lang='lat' dir='ltr'>ante</span> <span class='ocrx_word' id='word_1_229' title='bbox 628 2327 775 2368; x_wconf 90' lang='lat' dir='ltr'>Ludos</span> <span class='ocrx_word' id='word_1_230' title='bbox 796 2326 982 2381; x_wconf 87' lang='lat' dir='ltr'>Augusti</span> <span class='ocrx_word' id='word_1_231' title='bbox 1007 2327 1247 2369; x_wconf 69' lang='lat' dir='ltr'>Saeculares.</span> 
     </span>
    </p>

    <p class='ocr_par' dir='ltr' id='par_1_5' title="bbox 208 2398 1616 2886">
     <span class='ocr_line' id='line_1_30' title="bbox 270 2398 1614 2458; baseline 0.004 -17"><span class='ocrx_word' id='word_1_232' title='bbox 270 2399 369 2458; x_wconf 61' lang='grc' dir='ltr'>Ἧ9.</span> <span class='ocrx_word' id='word_1_233' title='bbox 403 2401 518 2442; x_wconf 92' lang='lat' dir='ltr'>Tum</span> <span class='ocrx_word' id='word_1_234' title='bbox 540 2408 581 2442; x_wconf 89' lang='lat' dir='ltr'>et</span> <span class='ocrx_word' id='word_1_235' title='bbox 604 2415 658 2451; x_wconf 90' lang='lat'>11,</span> <span class='ocrx_word' id='word_1_236' title='bbox 682 2398 752 2454; x_wconf 82' lang='lat'>17,</span> <span class='ocrx_word' id='word_1_237' title='bbox 782 2401 853 2442; x_wconf 80' lang='lat' dir='ltr'>Ad</span> <span class='ocrx_word' id='word_1_238' title='bbox 868 2401 1161 2443; x_wconf 61' lang='lat' dir='ltr'>Maecenatem</span> <span class='ocrx_word' id='word_1_239' title='bbox 1189 2408 1422 2455; x_wconf 66' lang='lat' dir='ltr'>aegrotum,</span> <span class='ocrx_word' id='word_1_240' title='bbox 1444 2404 1614 2447; x_wconf 88' lang='lat' dir='ltr'>immani</span> 
     </span>
     <span class='ocr_line' id='line_1_31' title="bbox 209 2474 1615 2534; baseline 0.004 -17"><span class='ocrx_word' id='word_1_241' title='bbox 209 2474 544 2530; x_wconf 77' lang='lat' dir='ltr'>parachronismo</span> <span class='ocrx_word' id='word_1_242' title='bbox 564 2476 618 2518; x_wconf 83' lang='lat' dir='ltr'>ad</span> <span class='ocrx_word' id='word_1_243' title='bbox 649 2476 817 2517; x_wconf 88' lang='lat' dir='ltr'>Horatii</span> <span class='ocrx_word' id='word_1_244' title='bbox 838 2491 991 2518; x_wconf 87' lang='lat' dir='ltr'>annum</span> <span class='ocrx_word' id='word_1_245' title='bbox 1016 2491 1085 2517; x_wconf 70' lang='grc' dir='ltr'>ΙΝ.</span> <span class='ocrx_word' id='word_1_246' title='bbox 1110 2476 1218 2518; x_wconf 86' lang='lat' dir='ltr'>ultra</span> <span class='ocrx_word' id='word_1_247' title='bbox 1238 2477 1333 2518; x_wconf 91' lang='lat' dir='ltr'>libri</span> <span class='ocrx_word' id='word_1_248' title='bbox 1355 2480 1490 2534; x_wconf 86' lang='lat' dir='ltr'>quarti</span> <span class='ocrx_word' id='word_1_249' title='bbox 1514 2489 1615 2522; x_wconf 88' lang='lat' dir='ltr'>tem-</span> 
     </span>
     <span class='ocr_line' id='line_1_32' title="bbox 209 2549 1612 2607; baseline 0.004 -17"><span class='ocrx_word' id='word_1_250' title='bbox 209 2563 310 2605; x_wconf 83' lang='lat' dir='ltr'>pora</span> <span class='ocrx_word' id='word_1_251' title='bbox 330 2549 552 2606; x_wconf 82' lang='lat' dir='ltr'>ablegant3</span> <span class='ocrx_word' id='word_1_252' title='bbox 585 2549 710 2606; x_wconf 89' lang='lat' dir='ltr'>idque</span> <span class='ocrx_word' id='word_1_253' title='bbox 726 2549 809 2591; x_wconf 89' lang='lat' dir='ltr'>levi</span> <span class='ocrx_word' id='word_1_254' title='bbox 830 2559 870 2591; x_wconf 93' lang='lat' dir='ltr'>et</span> <span class='ocrx_word' id='word_1_255' title='bbox 890 2549 1001 2591; x_wconf 82' lang='lat' dir='ltr'>futili</span> <span class='ocrx_word' id='word_1_256' title='bbox 1025 2560 1281 2606; x_wconf 86' lang='lat' dir='ltr'>argumento,</span> <span class='ocrx_word' id='word_1_257' title='bbox 1304 2553 1416 2607; x_wconf 89' lang='lat' dir='ltr'>quod</span> <span class='ocrx_word' id='word_1_258' title='bbox 1433 2568 1480 2594; x_wconf 91' lang='lat' dir='ltr'>eo</span> <span class='ocrx_word' id='word_1_259' title='bbox 1501 2569 1612 2596; x_wconf 88' lang='lat' dir='ltr'>anno</span> 
     </span>
     <span class='ocr_line' id='line_1_33' title="bbox 209 2622 1614 2679; baseline 0.004 -16"><span class='ocrx_word' id='word_1_260' title='bbox 209 2622 406 2665; x_wconf 80' lang='lat' dir='ltr'>continua</span> <span class='ocrx_word' id='word_1_261' title='bbox 438 2623 643 2665; x_wconf 86' lang='lat' dir='ltr'>insomnia</span> <span class='ocrx_word' id='word_1_262' title='bbox 675 2624 815 2665; x_wconf 84' lang='lat' dir='ltr'>vexari</span> <span class='ocrx_word' id='word_1_263' title='bbox 850 2623 1023 2679; x_wconf 89' lang='lat' dir='ltr'>coeperit</span> <span class='ocrx_word' id='word_1_264' title='bbox 1060 2625 1274 2666; x_wconf 83' lang='lat' dir='ltr'>Maecenas</span> <span class='ocrx_word' id='word_1_265' title='bbox 1307 2625 1484 2667; x_wconf 88' lang='lat' dir='ltr'>triennio</span> <span class='ocrx_word' id='word_1_266' title='bbox 1519 2637 1614 2670; x_wconf 82' lang='lat' dir='ltr'>ante</span> 
     </span>
     <span class='ocr_line' id='line_1_34' title="bbox 208 2693 1614 2755; baseline 0.006 -20"><span class='ocrx_word' id='word_1_267' title='bbox 208 2693 319 2736; x_wconf 88' lang='lat' dir='ltr'>diem</span> <span class='ocrx_word' id='word_1_268' title='bbox 338 2695 520 2738; x_wconf 80' lang='lat' dir='ltr'>fatalem.</span> <span class='ocrx_word' id='word_1_269' title='bbox 582 2697 712 2748; x_wconf 85' lang='lat' dir='ltr'>Quasi</span> <span class='ocrx_word' id='word_1_270' title='bbox 734 2711 831 2738; x_wconf 88' lang='lat' dir='ltr'>vero</span> <span class='ocrx_word' id='word_1_271' title='bbox 852 2711 934 2738; x_wconf 91' lang='lat' dir='ltr'>non</span> <span class='ocrx_word' id='word_1_272' title='bbox 956 2697 1050 2752; x_wconf 91' lang='lat' dir='ltr'>plus</span> <span class='ocrx_word' id='word_1_273' title='bbox 1073 2698 1199 2739; x_wconf 90' lang='lat' dir='ltr'>semel</span> <span class='ocrx_word' id='word_1_274' title='bbox 1220 2698 1264 2739; x_wconf 92' lang='lat' dir='ltr'>in</span> <span class='ocrx_word' id='word_1_275' title='bbox 1287 2707 1370 2740; x_wconf 87' lang='lat' dir='ltr'>tam</span> <span class='ocrx_word' id='word_1_276' title='bbox 1387 2699 1512 2755; x_wconf 86' lang='lat' dir='ltr'>longa</span> <span class='ocrx_word' id='word_1_277' title='bbox 1529 2702 1614 2744; x_wconf 84' lang='lat' dir='ltr'>vita</span> 
     </span>
     <span class='ocr_line' id='line_1_35' title="bbox 209 2769 1616 2828; baseline 0.004 -18"><span class='ocrx_word' id='word_1_278' title='bbox 209 2769 486 2824; x_wconf 81' lang='lat' dir='ltr'>aegrotaverit,</span> <span class='ocrx_word' id='word_1_279' title='bbox 508 2784 630 2826; x_wconf 91' lang='lat' dir='ltr'>quem</span> <span class='ocrx_word' id='word_1_280' title='bbox 652 2770 816 2812; x_wconf 89' lang='lat' dir='ltr'>Plinius</span> <span class='ocrx_word' id='word_1_281' title='bbox 838 2771 968 2827; x_wconf 86' lang='lat' dir='ltr'>major</span> <span class='ocrx_word' id='word_1_282' title='bbox 991 2785 1075 2820; x_wconf 87' lang='lat' dir='ltr'>v11‚</span> <span class='ocrx_word' id='word_1_283' title='bbox 1099 2772 1168 2812; x_wconf 90' lang='lat'>51.</span> <span class='ocrx_word' id='word_1_284' title='bbox 1189 2778 1401 2826; x_wconf 73' lang='lat' dir='ltr'>perpetua</span> <span class='ocrx_word' id='word_1_285' title='bbox 1413 2775 1537 2828; x_wconf 75' lang='lat' dir='ltr'>febre</span> <span class='ocrx_word' id='word_1_286' title='bbox 1565 2777 1616 2816; x_wconf 84' lang='lat' dir='ltr'>ab</span> 
     </span>
     <span class='ocr_line' id='line_1_36' title="bbox 211 2840 918 2886; baseline 0.003 -4"><span class='ocrx_word' id='word_1_287' title='bbox 211 2840 488 2885; x_wconf 74' lang='lat' dir='ltr'>adolescentia</span> <span class='ocrx_word' id='word_1_288' title='bbox 508 2843 714 2885; x_wconf 83' lang='lat' dir='ltr'>laborasse</span> <span class='ocrx_word' id='word_1_289' title='bbox 736 2843 918 2886; x_wconf 82' lang='lat' dir='ltr'>tradidit.</span> 
     </span>
    </p>
   </div>
  </div>
 </body>
</html>
