1962 3268
11 1808 21 1824 J
4 1703 23 1781 m:-
0 1239 33 1671 zpawffls
24 1072 26 1075 .
24 990 29 994 s
23 694 26 715 „
31 605 35 631 ,,
32 555 37 557 ,
32 512 34 530 ,.
34 387 35 390 „
31 346 35 348 Α

52 958 56 962 ,
42 730 49 735 ι
37 645 42 690 ¹*
36 485 42 497 ’ν
35 335 51 344 :-
50 293 54 298 ,
39 198 57 227 3,
47 125 56 138 ,ς
47 15 65 99 ·a.„»ffi

95 191 98 194 .
71 8 107 98 '³⁸³⁴ss

115 46 138 64 ι’
115 4 119 14 -„

139 56 147 67 ,,

743 316 1063 346 ΕΡιεΤοιΑιωΜ
1098 317 1187 346 mn.
1210 318 1238 345 1.
1259 306 1301 346 3.

355 417 512 473 Sperne
531 418 784 474 voluptates:
818 426 939 461 nocet
958 426 1070 461 emta
1089 419 1230 461 dolore
1251 408 1458 474 voluptas,

355 486 527 542 Semper
546 501 696 529 avarus
717 493 836 542 eget:
869 494 1030 527 certum
1046 495 1148 528 voto
1162 495 1259 543 pete
1276 487 1417 530 finem.

354 554 532 597 Invidus
552 553 722 596 alterius
745 553 962 594 macrescit
982 554 1105 595 rebus
1124 554 1300 609 opimis:
1336 594 1346 604 ‚

355 622 524 665 Invidia
541 621 671 665 Siculi
691 636 774 663 non
793 620 988 663 invenere
1004 621 1172 676 tyranni

355 691 500 748 Majus
521 699 789 734 tormentum.
852 689 937 742 Qui
958 704 1043 731 non
1064 689 1350 731 moderabitur
1370 689 1460 741 irae,

354 759 567 803 Infectam
587 760 700 802 volet
719 774 822 812 esse,
845 759 962 801 dolor
982 758 1097 814 quod
1118 757 1292 799 suaserit
1314 765 1356 799 et
1376 772 1510 809 mens,

352 828 468 871 Dum
489 843 635 885 poenas
655 829 751 871 odio
772 842 845 884 per
858 827 943 869 vim
964 826 1134 869 festinat
1154 826 1303 868 inulto.

356 896 428 939 Ira
441 896 558 939 furor
571 897 708 940 brevis
729 906 815 939 est:
833 896 1020 938 animum
1040 909 1159 950 rege;
1191 894 1263 950 qui
1284 894 1365 936 nisi
1385 904 1518 950 paret,

354 965 562 1020 Imperat:
595 964 709 1007 hunc
728 965 886 1015 fraenis,
909 964 1022 1005 hunc
1044 971 1091 1004 tu
1107 977 1321 1018 compesce
1341 971 1500 1006 catena.

357 1031 504 1088 Fingit
524 1047 676 1089 equum
698 1041 838 1074 tenera
859 1032 1035 1074 docilem
1057 1031 1217 1073 cervice
1238 1031 1435 1087 magister

358 1101 443 1152 Ire,
465 1100 574 1143 viam
595 1116 676 1157 qua
697 1109 897 1143 monstret
916 1115 1054 1156 eques.
1119 1099 1357 1149 venaticus,
1379 1114 1430 1141 ex
1450 1114 1532 1155 quo

357 1169 568 1224 Tempore
588 1168 796 1211 cervinam
818 1168 969 1223 pellem
991 1168 1159 1210 latravit
1179 1168 1224 1208 in
1246 1167 1357 1218 aula,

355 1236 580 1279 Militat-in
603 1237 717 1278 silvis
749 1237 926 1279 catulus.
989 1238 1115 1279 Nunc
1136 1236 1285 1278 adbibe
1304 1250 1410 1291 puro

356 1305 532 1346 Pectore
552 1305 677 1347 verba
697 1319 814 1360 puer,
834 1319 945 1346 nunc
974 1314 1014 1347 te
1037 1305 1275 1347 melioribus
1296 1303 1410 1346 offer.

357 1374 455 1425 Quo
477 1374 603 1416 semel
623 1382 685 1416 est
705 1374 866 1416 imbuta
885 1387 1043 1425 recens,
1066 1373 1248 1415 servabit
1269 1372 1435 1414 odorem

358 1443 491 1485 'Festa
510 1442 595 1484 diu.
657 1443 782 1494 Quod
797 1443 832 1484 si
853 1457 1002 1493 cessas,
1024 1450 1097 1484 aut
1118 1450 1311 1483 strenuus
1333 1441 1479 1490 anteis‚

358 1510 450 1552 Nec
470 1510 633 1552 tardum
663 1510 871 1566 opperior,
890 1524 967 1552 nec
987 1509 1319 1566 praecedentibus
1337 1509 1462 1551 insto.

800 1728 1123 1770 EPISTOLA
1156 1728 1251 1770 ΙΙΙ.

725 1846 796 1872 AD
841 1843 1048 1873 JULIUM
1093 1845 1331 1873 FLORUM.

358 1922 390 1962 J
393 1934 470 1963 um
493 1921 634 1973 Flore,
654 1921 805 1977 quibus
827 1930 1028 1964 terrarum
1049 1922 1201 1964 militet
1222 1922 1303 1963 oris

359 1988 564 2031 Claudius
586 1990 774 2044 Augusti
801 1990 1034 2046 privignus,
1057 1989 1160 2032 scire
1180 1990 1332 2032 laboro.

361 2056 584 2100 Thracane
603 2072 691 2109 vos,
715 2058 968 2114 Hebrusque
988 2057 1118 2100 nivali
1140 2058 1340 2114 compede
1360 2057 1539 2107 vinctus,

359 2126 434 2166 An
453 2124 561 2168 freta
580 2125 738 2168 vicinas
758 2126 866 2168 inter
887 2120 1096 2167 currentia
1117 2134 1265 2177 turres,

358 2193 434 2234 An
453 2193 630 2248 pingues
652 2194 762 2234 Asioe
783 2194 918 2252 campi
938 2193 1144 2249 collesque
1163 2196 1407 2235 morantur?

1603 303 1689 358 173

1633 420 1690 461 55

1597 747 1693 799 *60

1639 1100 1695 1144 65

1641 1441 1699 1495 70

1671 2196 1699 2236 5

361 2260 475 2312 Quid
496 2261 680 2302 studiosa
700 2261 845 2302 cohors
865 2275 1035 2316 operum
1057 2260 1210 2302 struit?
1242 2261 1352 2303 Haec
1373 2276 1537 2318 quoque
1557 2275 1655 2303 curo
1673 2277 1681 2302 :

363 2327 468 2379 Quis
489 2327 567 2369 sibi
588 2343 653 2370 res
673 2336 811 2384 gestas
832 2329 1015 2384 Augusti
1035 2329 1213 2372 scribere
1233 2330 1392 2372 sumit?

363 2396 483 2439 Bella
502 2396 595 2452 quis
615 2404 656 2438 et
679 2388 802 2453 paces
821 2396 992 2453 longum
1013 2396 1212 2440 diffundit
1231 2397 1276 2440 in
1296 2402 1467 2441 aevum?

363 2465 478 2517 Quid
499 2465 658 2518 Titius,
681 2467 874 2509 Romana
898 2465 1015 2508 brevi
1033 2474 1233 2509 venturus
1253 2466 1406 2519 incra,

361 2532 575 2576 Pindarici
594 2534 721 2576 fontis
740 2534 813 2591 qui
836 2549 919 2576 non
940 2534 1141 2592 expalluit
1161 2533 1350 2587 haustus,

363 2601 573 2645 Fastidire
590 2602 719 2655 lacus,
741 2611 783 2645 et
802 2603 913 2645 rivos
933 2618 1058 2646 ausus
1077 2605 1270 2660 apertos?
1296 2613 1298 2616 '

364 2670 430 2712 Ut
448 2670 594 2713 valet?
623 2679 673 2714 ut
691 2671 881 2714 meminit
900 2672 1031 2715 nostri
1048 2674 1065 2714 P
1095 2671 1302 2715 fidibusne
1323 2672 1492 2714 Latinis

365 2736 592 2781 Thebanos
612 2747 754 2794 aptare
774 2740 919 2783 modos
939 2741 1095 2793 studet,
1116 2740 1284 2797 auspice
1306 2740 1464 2783 Musa?

364 2806 432 2848 An
451 2806 608 2861 tragica
627 2807 801 2851 desaevit
819 2818 861 2852 et
881 2809 1133 2865 ampullatur
1151 2809 1195 2851 in
1214 2812 1333 2852 arte?

1644 2536 1700 2577 10
