1962 3268
687 346 943 377 santonum
977 344 1067 373 ιη.
1100 345 1152 373 11.
1184 332 1225 371 2.
1572 325 1631 381 37

293 448 433 502 Alter,
452 446 526 490 ubi
545 447 658 490 dicto
678 447 801 489 citius
821 452 963 489 curata
983 444 1120 500 sopori
1569 443 1628 485 80

294 515 491 558 Membra
508 514 639 565 dedit,
660 522 832 569 vegetus
851 512 1093 569 praescripta
1113 513 1166 554 ad
1196 512 1338 554 munia
1367 511 1512 567 surgit.

293 583 383 626 Hic
402 591 540 625 tamen
559 582 614 624 ad
633 581 782 624 melius
802 580 955 637 poterit
976 587 1255 622 transcurrere
1275 579 1482 636 quondam
1502 595 1511 620 ε

294 650 393 693 Sive
410 650 520 693 diem
540 650 692 692 festum
712 648 875 691 rediens
896 647 1118 690 adduxerit
1133 661 1265 689 annus
1279 647 1313 695 ;'
1471 645 1475 648 ’

293 719 378 760 Seu
395 732 577 760 recreare
596 717 708 759 volet
728 724 945 758 tenuatum
968 730 1142 771 corpus;
1175 714 1249 757 ubi
1270 729 1350 771 que

289 785 502 827 Accedent
522 785 635 837 anni,
657 793 698 826 et
719 783 884 826 tractari
906 783 1072 825 mollius
1093 791 1194 824 aetas
1569 783 1626 823 85

291 852 508 895 Imbecilla
527 852 661 894 volet:
694 851 769 893 tibi
789 851 986 907 quidnam
1009 851 1176 893 accedet
1197 851 1249 893 ad
1269 850 1408 902 istam,

291 921 427 972 Quam
446 935 551 977 puer
571 929 612 962 et
633 919 795 961 validus
814 919 1046 974 praesumis,
1067 919 1282 961 mollitiem
1299 936 1308 961 :
1341 934 1414 962 seu

291 988 412 1030 Dura
431 988 627 1030 valetudo
646 987 854 1038 inciderit,
877 1002 948 1029 seu
970 987 1088 1029 tarda
1109 984 1329 1029 senectus?

291 1055 527 1098 Rancidum
551 1070 695 1110 aprum
717 1055 877 1111 antiqui
897 1055 1138 1107 laudabant,
1160 1070 1242 1096 non
1263 1055 1361 1111 quia
1380 1069 1505 1097 nasus

293 1122 387 1165 Illis
406 1123 546 1165 nullus
566 1131 666 1171 erat,
691 1123 777 1172 sed,
799 1123 935 1174 credo,
957 1122 1036 1164 hac
1057 1132 1210 1173 mente,
1232 1123 1344 1179 quod
1365 1123 1514 1178 hospes
1569 1124 1627 1168 90

292 1191 477 1233 Tardius
496 1191 720 1233 adveniens
741 1190 933 1231 vitiatum
955 1191 1225 1242 commodius,
1247 1206 1370 1246 quam

292 1259 516 1315 Integrum'
531 1258 636 1300 edax
657 1258 849 1299 dominus
870 1267 1141 1299 consumeret.
1203 1259 1297 1299 Hos
1318 1258 1476 1300 utinam
1498 1257 1608 1299 inter

290 1326 455 1368 Heroas
475 1335 619 1368 natum
641 1325 791 1367 Tellus
814 1340 878 1367 me
899 1325 1032 1380 prima
1052 1325 1241 1367 tulisset!

290 1393 380 1436 Das
401 1393 559 1450 aliquid
579 1394 716 1444 famae,
739 1408 832 1449 quae
852 1393 1033 1435 carmine
1052 1393 1208 1449 gratior
1228 1407 1367 1434 aurem

291 1461 482 1517 Occupat
502 1461 725 1503 humanam
742 1464 758 1502 Ρ
790 1462 966 1516 grandes
988 1461 1150 1502 rhombi
1171 1461 1408 1517 patinaeque
1571 1462 1628 1506 95

293 1529 465 1570 Grande
484 1528 624 1570 ferunt
643 1543 728 1570 una
747 1543 839 1570 cum
862 1529 1014 1571 damno
1035 1530 1240 1577 dedecus3
1274 1530 1382 1572 adde

294 1596 455 1638 Iratum
476 1605 687 1651 patruum,
709 1595 881 1647 vicinos,
904 1605 945 1638 te
966 1597 1042 1639 tibi
1061 1597 1265 1653 iniquum,

292 1664 354 1706 Et
372 1664 526 1705 frustra
547 1663 689 1705 mortis
711 1663 925 1719 cupidum,
946 1679 1038 1706 cum
1063 1664 1194 1706 deerit
1215 1666 1354 1720 egenti

291 1732 367 1783 As,
387 1731 524 1788 laquei
545 1731 736 1786 pretium.
798 1733 828 1773 J
832 1747 919 1784 ure,
941 1732 1092 1788 inquit,
1117 1733 1322 1775 Transius
1342 1733 1432 1776 istis

290 1798 322 1839 J
325 1807 497 1855 urgatur
517 1799 677 1841 verbis:
711 1800 806 1855 Ego
827 1800 1048 1856 vectigalia
1069 1815 1233 1856 magna,
1543 1802 1628 1844 100

291 1866 556 1923 Divitiasque
577 1866 708 1908 habeo
731 1867 861 1909 tribus
882 1868 1040 1919 amplas
1060 1869 1240 1924 regibus.
1304 1867 1419 1925 Ergo

292 1934 415 1985 Quod
436 1942 617 1990 superat,
639 1949 721 1976 non
744 1943 806 1975 est
826 1934 973 1976 melius
993 1950 1074 1990 quo
1095 1936 1302 1979 insumere
1322 1938 1484 1993 possis?

292 2003 381 2044 Cur
401 2010 496 2057 eget
515 2001 712 2056 indignus
732 2002 965 2058 quisquam,
988 2012 1029 2044 te
1050 2004 1211 2046 divite?
1242 2020 1368 2061 quare

293 2069 474 2125 Templa
493 2078 619 2110 ruunt
641 2069 810 2125 antiqua
831 2070 1005 2112 Defim?
1069 2073 1171 2123 Cur,
1193 2072 1393 2128 improbe,
1416 2090 1521 2116 carae

291 2139 391 2180 Non
411 2138 568 2194 aliquid
588 2138 734 2193 patriae
756 2146 871 2179 tanto
893 2138 1073 2180 emetiris
1094 2154 1239 2181 acervo
1256 2143 1273 2181 Ρ
1543 2143 1626 2183 105

294 2205 383 2248 Uni
404 2205 597 2246 nimirum
620 2205 696 2246 tibi
715 2213 826 2247 recte
846 2220 1006 2260 semper
1025 2214 1146 2247 erunt
1166 2221 1243 2248 res.

294 2275 333 2316 O
353 2287 528 2327 magnus
548 2272 721 2328 posthac
742 2272 919 2314 inimicis
939 2273 1069 2315 risus!
1106 2274 1266 2315 Uterne

293 2340 363 2382 Ad
382 2355 501 2382 casus
522 2339 669 2381 dubios
689 2339 791 2381 fidet
811 2340 888 2382 sibi
909 2340 1060 2382 certius
1077 2343 1094 2382 ?
1126 2341 1209 2393 hic,
1230 2344 1302 2399 qui

293 2405 493 2449 Pluribus
514 2407 687 2450 assuerit
708 2417 886 2450 mentem
909 2424 1138 2466 corpusque
1158 2412 1377 2466 superbum
1394 2416 1411 2454 ?

293 2475 360 2519 An
380 2475 467 2532 qui,
489 2484 707 2518 contentus
728 2491 855 2532 parvo
876 2486 1144 2534 metuensque
1162 2478 1308 2531 futuri,
1542 2484 1626 2525 110

294 2543 347 2585 In
369 2558 484 2599 pace,
506 2552 554 2585 ut
574 2543 752 2599 sapiens,
774 2542 929 2599 aptarit
947 2545 1096 2588 idonea
1114 2547 1223 2589 bello
1240 2550 1256 2589 ?

293 2610 330 2658 ἹῘ
344 2611 438 2662 Quo
458 2611 589 2668 magis
608 2611 675 2653 his
696 2612 864 2661 credas;
897 2627 1000 2668 puer
1020 2614 1133 2657 hunc
1153 2631 1230 2671 ego
1250 2631 1403 2672 parvus
1425 2618 1610 2661 Ofellum

296 2678 478 2734 Integris
497 2679 644 2734 opibus
663 2680 760 2721 novi
781 2695 865 2722 non
883 2680 1008 2723 latius
1028 2697 1165 2734 usum,

295 2747 431 2797 Quam
452 2761 563 2788 nunc
583 2747 743 2789 accisis.
807 2747 957 2791 Videas
978 2759 1132 2792 metato
1151 2751 1194 2792 in
1217 2753 1351 2807 agello

297 2815 404 2856 Cum
425 2828 571 2868 pecore
591 2824 633 2856 et
652 2815 790 2870 gnatis
812 2816 960 2858 fortem
982 2819 1170 2861 mercede
1191 2819 1396 2871 colonum,
1546 2824 1632 2864 115
