1962 3268
646 594 699 641 Q,
731 588 994 634 HORATH
1024 586 1243 629 FLACCI

510 699 570 765 C
615 699 681 763 A
722 699 788 762 R
839 696 918 759 M
970 694 1005 757 I
1058 693 1125 756 N
1179 691 1245 755 U
1297 690 1375 752 M

719 842 885 882 LIBER
923 838 1178 880 TERTIUS.

719 1090 847 1131 ODE
882 1089 919 1130 Ι.
981 1086 1051 1138 (Μ.
1082 1087 1188 1137 Χικ.)

344 1197 438 1238 Om
460 1193 677 1251 profanum
699 1191 867 1247 vulgus,
888 1198 931 1232 et
951 1203 1080 1232 arceo.

348 1265 506 1307 Favete
519 1255 681 1317 *linguis
698 1275 708 1301 ι
740 1258 923 1303 carmina
942 1271 1025 1299 non
1045 1256 1162 1312 prius

403 1330 562 1375 Audita
582 1329 803 1371 Musarum
829 1325 1018 1368 sacerdos

466 1397 705 1455 Virginibus
725 1395 946 1452 puerisque
967 1401 1100 1436 canto.

348 1471 517 1524 Regum
534 1465 808 1509 timendorum
830 1462 874 1504 in
894 1461 1082 1518 proprios
1101 1475 1262 1516 greges,

351 1538 492 1592 Reges
510 1535 555 1577 in
574 1534 685 1590 ipsos
705 1531 925 1588 imperium
940 1537 1004 1572 est
1023 1530 1054 1571 J
1057 1528 1162 1581 ovis,

412 1602 528 1646 Clari
549 1601 760 1657 Giganteo
780 1597 1008 1654 triumpho,

468 1673 634 1714 Cuncta
653 1667 872 1725 supercilio
892 1665 1108 1708 moventis.

351 1743 436 1785 Est
454 1748 502 1783 ut
521 1739 611 1781 viro
624 1737 688 1780 vir
707 1737 834 1779 latius
855 1734 1018 1778 ordinet

352 1810 534 1853 Arbusta
553 1806 706 1855 sulcis;
739 1804 808 1847 hic
829 1802 1067 1861 generosior

412 1876 652 1920 Descendat
670 1874 715 1916 in
737 1874 943 1930 Campum
965 1871 1141 1928 petitor-3

470 1943 663 1987 Moribus
683 1942 752 1984 hic
772 1941 996 1998 meliorque
1014 1939 1126 1982 fama

354 2014 621 2062 Contendat3
654 2012 728 2054 illa
748 2011 869 2054 turba
886 2008 1101 2052 clientium

357 2085 422 2128 Sit
439 2083 595 2140 major:
629 2079 786 2125 AEQUA
805 2079 898 2135 lege
918 2077 1154 2121 Necessitas

416 2151 596 2195 Sortitur
614 2149 798 2204 insignes
818 2156 860 2190 et
880 2147 1012 2194 imos;

472 2220 609 2261 Omne
629 2231 758 2273 capax
779 2222 919 2257 movet
940 2228 1044 2255 urna
1063 2226 1225 2254 nomen.

359 2287 587 2332 Districtus
607 2285 716 2328 ensis
737 2283 804 2326 cui
824 2297 947 2338 super
965 2280 1094 2337 impia

359 2356 534 2401 cervice
553 2353 723 2410 pendet,
743 2366 828 2394 non
850 2349 1003 2393 Siculae
1023 2349 1151 2406 dapes

417 2424 597 2468 Dulcem
618 2421 886 2465 elaborabunt
906 2433 1091 2475 saporem
1110 2435 1122 2471 ;

475 2493 574 2536 Non
594 2490 732 2534 avium
755 2487 1006 2544 citharaeque
1029 2495 1173 2529 cantus

363 2565 563 2606 Somnum
583 2560 806 2602 reducent:
838 2571 1007 2599 somnus
1026 2555 1251 2611 agrestium

364 2629 494 2674 Lenis
509 2629 689 2671 virorum
710 2641 793 2668 non
813 2625 992 2668 humiles
1013 2625 1158 2667 domos

422 2696 619 2747 Fastidit,
641 2695 957 2751 umbrosamque
979 2692 1128 2749 ripam,

479 2765 576 2808 Non
595 2763 784 2821 zephyris
800 2763 957 2819 agitata
974 2763 1149 2818 Tempe.

1573 1805 1628 1847 10

1576 2150 1631 2190 15

1578 2494 1635 2533 20
