1962 3268
641 385 963 414 EPISTOLARUM
997 384 1086 413 Lm.
1120 386 1173 413 11.
1204 374 1243 413 2.
1536 368 1629 415 229·

290 486 321 527 J
324 484 508 527 udicium
529 485 679 528 subtile
699 485 891 528 videndis
910 486 1066 529 artibus
1085 486 1191 528 illud

290 553 360 594 Ad
378 552 504 595 libros
523 561 565 595 et
586 552 640 594 ad
659 552 753 595 haec
774 553 993 596 Musarum
1013 554 1124 596 dona
1147 568 1326 605 vocareS‚

290 619 487 663 Boeotfim
506 620 551 662 in
571 635 706 663 crasso
720 621 884 677 jurares
903 637 996 664 aere
1015 630 1172 664 natum.

289 689 354 730 At
373 702 506 743 neque
525 688 773 731 dedecorant
793 697 865 732 tua
884 690 937 731 de
956 704 1000 731 se
1015 689 1189 745 judicia,
1211 697 1335 745 atque
1535 690 1620 730 245

290 755 487 806 Munera,
508 769 603 811 quae
624 756 757 799 multa
774 756 912 798 dantis
930 766 1024 798 cum
1045 756 1168 798 laude
1189 755 1389 807 tulerunt,

289 822 448 865 Dilecti
468 823 544 865 tibi
561 823 763 880 Virgilius
787 824 1015 880 Variusque
1034 830 1197 880 poe'tae:

291 893 383 934 Nec
403 892 536 948 magis
555 892 738 948 expressi
759 892 901 934 vultus
920 907 995 948 per
1014 891 1172 934 ahenea
1192 891 1326 947 signa,

291 962 427 1012 Quam
446 975 521 1016 per
539 960 647 1002 vatis
663 975 767 1016 opus
787 975 921 1002 mores
941 959 1149 1016 animique
1169 959 1353 1002 virorum·

291 1028 508 1071 Clarorum
529 1036 744 1084 apparent.
808 1028 847 1070 N
851 1042 898 1070 ec
919 1042 1124 1070 sermones
1140 1042 1217 1083 ego
1237 1027 1401 1070 mallem
1539 1030 1625 1071 250

292 1098 504 1153 Repentes
523 1111 598 1153 per
615 1095 806 1148 humum,
827 1110 950 1153 quam
971 1110 1036 1138 res
1057 1110 1301 1151 componere
1319 1105 1485 1152 gestas;

274 1175 276 1177 '
293 1167 601 1222 Terrarumque
622 1164 741 1216 situs,
763 1173 805 1207 et
824 1163 996 1207 flumina
1017 1164 1168 1216 dicere,
1190 1172 1232 1207 et
1252 1179 1364 1207 arces

292 1232 514 1278 Montibus
533 1233 761 1289 impositas,
782 1241 824 1275 et
843 1233 1016 1275 barbara
1034 1247 1178 1288 regna,
1199 1232 1365 1288 tuisque

291 1299 501 1356 Auspiciis
521 1308 653 1342 totum
674 1300 861 1342 confecta
880 1300 1021 1342 duella
1040 1315 1114 1356 per
1132 1301 1288 1351 orbem,

294 1367 568 1423 claustraque
588 1368 802 1410 custodem
821 1367 936 1423 pacis
956 1367 1193 1411 cohibentia
1212 1370 1244 1410 J
1246 1384 1387 1421 anum,
1539 1372 1624 1413 255

292 1437 355 1479 Et
372 1436 633 1479 formidatam
655 1435 822 1478 Parthis
843 1444 884 1478 te
902 1435 1091 1491 principe
1111 1437 1289 1479 Romam
1309 1453 1320 1486 ;

244 1516 247 1517 ’
294 1504 357 1556 Si,
377 1512 578 1561 quantum
595 1518 807 1559 cuperem,
820 1518 982 1559 possem
998 1518 1161 1559 quoque
1178 1520 1187 1545 :
1211 1505 1285 1547 sed
1304 1520 1437 1563 neque
1454 1522 1626 1563 parvum

295 1574 476 1615 Carmen
495 1572 689 1629 majestas
710 1571 857 1628 recipit
877 1580 964 1623 tua,
984 1586 1062 1614 nec
1080 1586 1197 1614 meus
1217 1574 1343 1615 audet

296 1642 407 1684 Rem
428 1649 587 1683 tentare
605 1640 755 1696 pudor,
774 1654 900 1696 quam
919 1640 1028 1683 vires
1047 1640 1153 1683 ferre
1172 1650 1376 1684 recusent.

298 1709 508 1752 Sedulitas
528 1717 683 1761 autem,
705 1709 832 1752 stulte
846 1724 968 1765 quem
990 1709 1143 1766 diligit,
1162 1720 1314 1765 urguet
1545 1710 1631 1753 260

296 1777 514 1833 Praecipue
534 1792 628 1820 cum
650 1792 693 1820 se
713 1777 895 1819 numeris
916 1778 1177 1820 commendat
1197 1787 1239 1819 et
1258 1786 1372 1820 arte:

297 1845 437 1888 Discit
456 1845 566 1888 enim
580 1845 702 1887 citius
723 1845 991 1902 meminitque
1011 1846 1208 1888 libentius
1228 1846 1335 1889 illud

299 1913 423 1964 Quod
443 1913 536 1969 quis
555 1913 731 1965 deridet,
752 1928 875 1970 quam
891 1914 1004 1970 quod
1023 1915 1171 1970 probat
1191 1923 1232 1956 et
1252 1923 1483 1957 veneratur.

298 1980 375 2022 Nil
394 1995 529 2022 moror
548 1980 728 2023 officium
745 1982 856 2037 quod
875 1996 943 2024 me
963 1990 1133 2037 gravat:
1167 1998 1215 2025 ac
1235 1998 1369 2039 neque
1389 1984 1486 2026 ficto

299 2049 355 2090 In
373 2048 494 2104 pejus
514 2048 634 2090 vultu
653 2049 827 2104 proponi
844 2064 984 2091 cereus
1004 2064 1194 2105 usquam,
1547 2050 1633 2093 265

298 2117 391 2160 Nec
410 2131 536 2172 prave
555 2115 676 2158 factis
697 2116 883 2159 decorari
903 2116 1088 2159 versibus
1109 2126 1234 2172 opto:

299 2185 368 2227 Ne
385 2185 554 2226 rubeam
573 2183 720 2239 pingui
741 2184 917 2225 donatus
937 2198 1121 2235 munere,
1143 2193 1185 2226 et
1204 2198 1287 2227 una

302 2254 412 2294 Cum
433 2251 631 2307 scriptore
650 2265 742 2292 meo
763 2266 886 2306 capsa
904 2260 1116 2307 porrectus
1136 2261 1292 2308 aperta,

302 2319 478 2362 Deferat
496 2319 541 2360 in
561 2318 698 2360 vicum
718 2319 966 2361 vendentem
987 2327 1054 2361 tus
1075 2328 1117 2362 et
1137 2321 1297 2372 odores,

301 2388 363 2430 Et
381 2387 514 2443 piper,
536 2395 578 2429 et
596 2386 799 2443 quidquid
816 2387 969 2429 chartis
985 2387 1176 2429 amicitur
1191 2387 1356 2443 ineptis.
1548 2389 1633 2444 270

755 2603 1073 2646 EPISTOLA
1106 2603 1173 2645 ΙΙ.

718 2716 781 2743 ΑΙ)
812 2714 983 2742 JULIUM
1018 2714 1221 2742 FLORUM.

308 2791 483 2842 FLonss,
503 2791 611 2833 bono
631 2790 821 2846 claroque
842 2790 978 2833 fidelis
997 2791 1128 2833 amice
1149 2792 1324 2842 Neroni,

310 2859 448 2914 Siquis
467 2859 571 2901 forte
593 2857 692 2900 velit
714 2871 885 2913 puerum
909 2858 984 2900 tibi
1006 2859 1183 2900 vendere
1204 2867 1346 2900 natum
