1962 3268
349 358 435 398 212
859 368 900 399 α.
932 367 1126 396 nonA‘ru
1159 365 1324 395 FLAccr

409 469 554 511 Mutat
572 475 679 510 terra
699 467 824 519 vices,
845 475 887 509 et
906 467 1181 512 decrescentia
1200 466 1310 522 ripas

468 535 667 578 Flumina
685 542 936 591 praetereunt
953 551 963 576 :
1110 527 1115 536 '

408 602 555 647 Gratia
574 617 668 645 cum
691 601 901 658 Nymphis
919 602 1174 659 geminisque
1195 601 1398 645 sororibus
1417 600 1542 643 audet
1641 603 1671 644 5

464 672 630 713 Ducere
649 670 763 712 nuda
782 669 941 712 choros.
1215 672 1218 676 '
1488 680 1490 683 ·

407 739 716 780 IMMORTALIA
735 751 788 779 ne
807 751 957 792 speres,
978 744 1116 779 monet
1135 750 1282 788 annus,
1301 744 1343 778 et
1363 735 1517 779 almum
1539 766 1542 769 -

469 807 573 857 Quae
592 805 702 861 rapit
721 805 821 847 hora
840 805 962 846 diem.

407 872 583 928 Frigora
601 872 822 914 mitescunt
842 870 1062 926 Zephyris,
1083 883 1155 912 ver
1173 870 1345 925 proterit
1365 878 1486 912 aestas
1509 903 1512 904 ν

466 939 706 989 Interitura,
728 938 851 980 simul
1612 937 1670 979 10

412 1005 596 1048 Pomifer
615 1012 838 1048 autumnus
856 1002 998 1058 fruges
1018 1001 1223 1054 effuderit,
1244 1011 1286 1045 et
1306 1016 1401 1044 mox

464 1074 623 1115 Bruma
642 1071 813 1114 recurrit
832 1071 954 1113 iners.

409 1141 576 1183 Damna
597 1148 735 1183 tamen
755 1139 906 1181 celeres
924 1146 1118 1194 reparant
1139 1137 1323 1180 coelestia
1342 1137 1473 1180 lunae:

464 1208 554 1249 Nos
574 1207 646 1250 ubi
666 1206 896 1249 decidimus

410 1275 503 1326 Quo
522 1274 616 1330 pius
635 1275 804 1326 AEneas,
826 1288 908 1329 quo
926 1273 1042 1316 dives
1064 1272 1219 1315 Tullus
1239 1279 1281 1315 et
1300 1273 1464 1324 Ancus,
1613 1272 1670 1315 16

466 1342 614 1384 Pulvis
634 1350 677 1384 et
695 1342 841 1384 umbra
861 1355 1014 1383 sumus.

410 1410 522 1460 Qtns
545 1423 644 1451 serr
665 1423 718 1451 an
738 1408 934 1464 adjiciant
952 1407 1163 1450 hodiernae
1183 1406 1360 1449 crastina
1378 1421 1549 1449 summae

469 1477 680 1531 Tempora
700 1475 776 1517 Dii
795 1475 962 1530 superi?

411 1543 575 1584 Cuncta
588 1556 733 1584 manus
748 1542 890 1584 avidas
908 1540 1070 1596 fugient
1089 1540 1281 1592 haeredis,
1302 1540 1433 1583 amico

468 1611 574 1661 Quae
594 1609 756 1652 dederis
776 1609 925 1651 animo.
1431 1656 1433 1659 ¹
1612 1608 1671 1649 20

413 1678 522 1720 Cum
543 1677 669 1719 semel
688 1676 899 1726 occideris,
921 1683 963 1718 et
982 1676 1035 1718 de
1056 1683 1097 1718 te
1117 1675 1335 1730 splendida
1356 1673 1500 1716 Minos

467 1744 629 1786 Fecerit
648 1743 829 1794 arbitria,

410 1812 523 1862 Non,
546 1813 773 1867 Torquate,
794 1825 941 1866 genuS,
961 1825 1045 1852 non
1066 1818 1107 1852 te
1126 1809 1336 1857 facundia,
1356 1822 1440 1851 non
1459 1816 1500 1851 te

464 1878 676 1920 Restituet
695 1879 849 1933 pietas:

409 1944 589 1992 Infernis
608 1959 741 2000 neque
761 1945 870 1986 enim
890 1944 1067 1986 tenebris
1087 1944 1227 1986 Diana
1246 1943 1442 1998 pudicum
1612 1941 1670 1982 25

465 2012 637 2055 Liberat
658 2011 967 2067 Hippolytum;

410 2080 501 2123 Nec
521 2079 698 2123 Lethaea
712 2078 822 2121 valet
843 2077 1036 2120 Theseus
1055 2076 1296 2132 abrumpere
1317 2091 1409 2119 caro

469 2147 645 2190 Vincula
666 2144 867 2188 Pirithoo.

727 2434 854 2476 ODE
887 2434 1022 2475 VIII.
1086 2430 1156 2481 (Μ.
1178 2432 1285 2482 x1v.)

806 2568 867 2596 An
901 2567 1224 2617 CEN⁵⁰R¹N⁰M·.

407 2680 648 2721 DoNAnEM
669 2683 831 2732 pateras
850 2682 1047 2730 grataque
1066 2672 1318 2723 commodus,

410 2745 650 2798 Censorine,
671 2743 774 2787 meis
796 2756 876 2785 aera
892 2740 1120 2784 sodalibus:

406 2816 615 2857 Donarem
635 2810 831 2868 tripodas,
853 2808 1021 2864 praemia
1040 2807 1206 2850 fortium
1257 2853 1269 2871 ,ι
