1962 3268
381 298 464 343 238
809 313 850 342 Q.
883 312 1078 341 HonATn
1113 313 1275 341 FrAccr

382 412 517 452 Terra
538 411 761 466 Neptunus
781 411 929 453 classes
950 412 1230 467 Aquilonibus
1249 421 1372 464 arcet,
1429 411 1432 414 ’

381 476 510 532 Regis
531 491 661 533 opus3
696 478 926 535 sterilisque
947 479 1021 521 diu
1039 480 1173 534 palus,
1195 491 1371 538 aptaque
1390 483 1525 534 remis,

382 544 548 587 Vicinas
568 546 689 587 urbes
709 546 797 598 alit,
820 555 861 588 et
881 561 1006 603 grave
1027 548 1152 590 sentit
1170 558 1348 591 aratrum
1365 566 1377 598 ;

382 613 466 653 Seu
484 627 647 654 cursum
669 614 845 656 mutavit
869 614 1054 670 iniquum
1083 616 1271 671 frugibus
1291 617 1436 667 amnis,

380 679 542 721 Doctus
561 680 640 722 iter
660 681 830 723 melius:
862 683 1050 725 mortalia
1069 683 1178 726 facta
1198 684 1416 739 peribunt;

380 747 547 788 Nedum
568 762 797 790 sermonum
820 758 899 791 stet
918 749 1062 800 honos,
1084 759 1125 792 et
1143 751 1276 806 gratia
1295 751 1430 793 vivax.

382 815 524 856 Multa
542 825 806 858 renascentur
818 831 910 872 quae
924 817 1012 872 jam
1030 817 1227 869 cecidere,
1249 819 1478 874 cadentque

381 883 486 933 Quae
505 896 617 924 nunc
638 891 734 924 sunt
753 883 795 924 in
817 882 971 924 honore
991 884 1206 934 vocabula,
1227 885 1260 925 si
1282 884 1392 926 volet
1410 899 1524 934 usus,

381 952 514 1002 Quem
535 965 660 1006 penes
678 950 889 992 arbitrium
908 959 970 992 est
989 959 1030 992 et
1043 950 1114 1005 jus
1135 959 1176 992 et
1196 965 1339 992 norma
1356 951 1564 1005 loquendi.

381 1019 469 1060 Res
489 1026 619 1073 gestae
638 1033 861 1073 regumque
882 1018 1129 1073 ducumque,
1146 1027 1187 1060 et
1207 1018 1339 1060 tristia
1357 1018 1479 1069 bella,

384 1088 478 1138 Quo
499 1086 624 1128 scribi
644 1094 810 1141 possent
829 1100 1013 1137 numero,
1035 1086 1278 1128 monstravit
1299 1087 1520 1127 Homerus.

386 1153 581 1196 Versibus
601 1153 812 1208 impariter
825 1153 983 1209 junctis
1003 1153 1258 1209 querimonia
1276 1153 1469 1209 primum,

380 1222 480 1263 Post
500 1222 623 1264 etiam
645 1221 804 1263 inclusa
824 1229 885 1263 est
905 1221 990 1262 voti
1012 1221 1214 1264 sententia
1231 1235 1419 1277 compos:

382 1289 485 1340 Quis
506 1297 642 1331 tamen
660 1289 827 1345 exiguos
848 1289 984 1344 elegos
1005 1288 1183 1330 emiserit
1203 1297 1358 1340 auctor,

381 1357 654 1399 Grammatici
673 1365 846 1407 certant,
868 1365 908 1398 et
930 1357 1065 1399 adhuc
1085 1358 1161 1399 sub
1174 1358 1318 1413 judice
1337 1357 1388 1399 lis
1407 1367 1492 1400 est..

379 1423 675 1466 Archilochum
696 1425 860 1480 proprio
880 1424 1012 1466 rabies
1031 1425 1206 1467 armavit
1224 1425 1383 1467 iambo:

380 1491 511 1533 Hunc
532 1492 638 1534 socci
659 1506 801 1547 cepere
821 1492 982 1546 pedem,
999 1493 1255 1548 grandesque
1275 1493 1479 1544 cothurni,

379 1559 562 1601 Alternis
582 1568 724 1615 aptum
746 1559 1014 1610 sermonibus,
1036 1568 1077 1601 et
1096 1560 1312 1615 populares

380 1625 625 1669 Vincentem
648 1626 856 1682 strepitus,
878 1635 919 1668 et
934 1635 1076 1669 natum
1097 1629 1217 1669 rebus
1237 1627 1419 1682 agendis.

380 1695 508 1736 Musa
527 1694 642 1737 dedit
661 1694 811 1738 fidibus
831 1695 979 1748 Divos,
1000 1711 1228 1752 puerosque
1248 1697 1448 1747 Deorum,

379 1762 440 1804 Et
459 1762 644 1818 pugilem
663 1762 873 1814 victorem,
894 1771 935 1805 et
956 1778 1106 1819 equum
1127 1764 1348 1806 certamine
1367 1764 1560 1819 primum,

379 1831 440 1871 Et
447 1830 650 1885 juvenum
672 1845 803 1881 curas,
821 1839 862 1873 et
881 1831 1009 1873 libera
1030 1831 1125 1873 vina
1144 1831 1308 1874 referre.

381 1897 620 1952 Descriptas
641 1912 800 1940 servare
820 1899 930 1941 vices
950 1913 1198 1955 operumque
1217 1899 1371 1941 colores

381 1965 468 2006 Cur
487 1979 563 2018 ego
583 1965 617 2005 si
638 1980 795 2020 nequeo
814 1966 1053 2021 ignoroque,
1070 1967 1199 2007 Poe'ta
1219 1966 1401 2008 salutor?

380 2033 468 2073 Cur
485 2031 654 2082 nescire,
676 2033 836 2087 pudens
856 2046 996 2087 prave,
1017 2047 1138 2088 quam
1160 2032 1314 2074 discere
1334 2033 1470 2074 malo?

379 2098 574 2141 Versibus
595 2099 743 2154 exponi
765 2099 929 2154 tragicis
949 2114 1013 2141 res
1034 2099 1188 2140 comica
1206 2113 1289 2140 non
1309 2099 1421 2140 vult:

380 2165 631 2221 Indignatur
650 2166 748 2207 item
769 2166 954 2221 privatis,
976 2181 1023 2208 ac
1043 2180 1169 2222 prope
1189 2180 1304 2207 socco

379 2233 532 2289 Dignis
553 2234 798 2276 carminibus
819 2234 973 2276 narrari
994 2248 1111 2275 coena
1132 2232 1345 2288 Thyestae.
1414 2266 1418 2268 μ

380 2301 554 2357 Singula
573 2316 745 2357 quaeque
765 2301 899 2343 locum
921 2310 1087 2343 teneant
1108 2301 1249 2342 sortita
1268 2301 1470 2343 decenter.

379 2370 595 2411 Interdum
618 2377 754 2410 tamen
774 2377 815 2410 et
835 2382 973 2410 vocem
991 2368 1191 2410 comoedia
1210 2368 1332 2419 tollit,

379 2437 597 2491 Iratusque
619 2435 817 2477 Chremes
837 2436 996 2477 tumido
1016 2435 1204 2491 delitigat
1224 2450 1316 2476 ore:

376 2503 438 2543 Et
459 2502 637 2557 tragicus
657 2502 897 2558 plerumque
918 2503 1029 2544 dolet
1050 2517 1233 2545 sermone
1251 2503 1443 2558 pedestri.

380 2559 595 2624 Telephus
615 2577 656 2610 et
676 2569 840 2620 Peleus,
862 2584 954 2611 cum
975 2584 1130 2625 pauper
1149 2579 1190 2611 et
1209 2571 1339 2621 exsul,
1360 2578 1531 2625 uterque

363 2635 551 2690 'Projicit
571 2636 786 2691 ampullas,
807 2645 848 2678 et
869 2637 1165 2692 sesquipedalia
1184 2637 1320 2688 verba,

383 2703 428 2744 Si
449 2712 564 2745 curat
584 2718 652 2745 cor
673 2703 894 2759 spectantis
915 2703 1098 2759 tetigisse
1117 2704 1292 2759 querela.

379 2771 475 2811 Non
497 2770 595 2812 satis
616 2779 678 2813 est
697 2770 869 2826 pulchra
890 2786 977 2812 esse
995 2776 1183 2826 poemata
1200 2788 1211 2819 3
1245 2770 1383 2832 dulcia
1403 2778 1537 2822 sunto,

1641 482 1696 527 65

1641 1153 1698 1208 75

1638 1495 1697 1535 80

1635 2503 1692 2547 95
