1962 3268
653 357 907 386 cmv-unum
940 356 1026 386 mn.
1059 359 1090 386 ι.
1121 346 1191 386 22.

380 457 676 514 Insignemque
691 457 885 512 pharetra

437 526 721 580 Fraternaque
740 524 960 566 humerum
981 523 1083 578 lyra.

323 592 410 635 Hic
429 591 583 634 bellum
600 591 891 649 lacrymosum,
911 589 983 633 hic
998 591 1188 633 miseram
1210 592 1359 634 fame’m

321 661 570 715 Pestemque
590 673 615 700 a
634 659 788 714 populo
809 666 851 700 et
870 658 1058 714 principe
1078 658 1244 701 Caesare
1264 659 1308 700 in

378 728 527 770 Persas
547 734 670 782 atque
691 726 916 769 Britannos

431 795 582 837 Vestra
600 803 736 836 motus
756 802 851 850 aget
871 809 1004 850 prece.

596 1019 724 1060 ODE
759 1019 926 1060 XXII.
994 1017 1065 1068 (M.
1098 1019 1253 1072 xvnl.)

657 1134 718 1160 AD
751 1133 976 1160 ARlsTmM
1011 1133 1065 1160 FU
1074 1134 1204 1161 SUUM-

0 1229 17 1288 ᾗ
321 1222 538 1273 Inrncnn
559 1220 657 1262 vitae
678 1220 923 1276 scelerisque
943 1235 1072 1276 purus

0 1288 13 1348 ᾗ
319 1290 418 1331 Non
437 1296 532 1344 eget
552 1287 696 1330 Mauri
710 1287 866 1343 jaculis*
880 1303 1013 1344 neque
1034 1303 1132 1331 arcu

0 1352 13 1414 ξ
318 1356 412 1399 Nec
431 1355 649 1398 venenatis
668 1355 842 1411 gravida
862 1355 1041 1412 sagittis,

0 1416 9 1482 Ξ
433 1424 585 1475 Fusce,
600 1423 793 1479 pharetra
808 1440 820 1472 ;

319 1492 417 1534 Sive
435 1506 510 1548 per
532 1492 674 1547 Syrtes
690 1492 768 1533 iter
789 1499 1001 1543 aestuosas,

0 1574 17 1612 15
319 1561 418 1604 Sive
435 1559 621 1603 facturus
641 1574 716 1616 per
735 1558 1028 1614 inhospitalem

0 1616 13 1679 ᾗ
319 1629 568 1678 Caucasum,
585 1626 653 1668 vel
672 1641 765 1682 quae
784 1626 875 1669 loca
894 1626 1106 1670 fabulosus

0 1691 7 1782 ’ξ
432 1695 607 1738 Lambit
627 1695 866 1751 Hydaspes.

319 1765 511 1820 Namque
531 1777 597 1805 me
617 1763 722 1805 silva
739 1763 864 1818 lupus
883 1762 927 1804 in
951 1763 1118 1815 Sabina,

0 1819 10 1903 f
318 1834 434 1874 Dum
453 1846 586 1874 meam
600 1839 721 1874 canto
737 1831 941 1886 Lalagen,
963 1839 1004 1873 et
1024 1832 1134 1875 ultra

319 1899 567 1942 Terminum
588 1899 698 1943 curis
718 1914 846 1954 vagor
865 1899 1098 1955 expeditus,

432 1967 564 2023 Fugit
583 1967 781 2011 inermem
799 1982 809 2007 :

317 2035 452 2088 Quale
471 2044 707 2092 portentum
728 2050 864 2091 neque
883 2035 1073 2079 militaris

317 2103 508 2146 Daunias
526 2103 623 2146 latis
642 2103 718 2146 alit
737 2103 945 2154 esculetis‚

317 2171 408 2213 Nec
427 2172 458 2213 J
460 2171 555 2213 ubae
575 2171 700 2213 tellus
718 2179 904 2226 generat,
924 2171 1092 2215 leonum

434 2238 571 2281 Arida
589 2238 744 2280 nutrix.

318 2306 437 2347 Pone
456 2319 523 2347 me
541 2305 672 2361 pigris
690 2305 762 2348 ubi
782 2306 899 2349 nulla
918 2306 1074 2362 campis

318 2373 453 2415 Arbor
467 2373 611 2415 aestiva
630 2382 838 2416 recreatur
855 2389 969 2426 aura,

319 2441 443 2493 Quod
461 2441 571 2483 latus
591 2441 738 2484 mundi
756 2442 920 2488 nebulae
940 2442 1154 2500 malusque

433 2509 603 2565 Jupiter
621 2518 796 2566 urguet3

314 2577 431 2619 Pone
451 2577 528 2618 sub
550 2591 675 2619 curru
694 2577 869 2621 nimium
890 2579 1111 2635 propinqui

318 2640 443 2694 Solis,
458 2642 503 2683 in
524 2650 631 2684 terra
651 2642 842 2686 domibus
862 2653 1040 2700 negata3

317 2709 456 2752 Dulce
476 2709 678 2752 ridentem
698 2707 888 2768 Lalagen
908 2714 1071 2766 amabo,

435 2777 573 2820 Dulce
590 2778 841 2833 loquentem.

1506 343 1594 386 103

1539 728 1594 770 15

1539 1837 1595 1877 10

1539 2180 1594 2221 15

1536 2518 1594 2558 20
