1962 3268
704 307 956 337 CARMINUM
990 309 1079 337 mn.
1112 308 1163 336 11.
1195 295 1265 337 14.
1568 291 1653 347 127

707 473 833 518 ODE
869 472 997 516 XIV.
1058 475 1125 525 (M.
1157 473 1272 525 x1x.)

806 597 870 626 AD
897 596 1161 626 POSTUMUM.

375 699 514 741 ΕΗΒ-υ
535 702 544 741 !
577 698 762 754 fugaces,
784 698 1000 749 Postume,
1022 697 1239 748 Postume,

374 765 600 810 Labuntur
619 766 747 815 anni3
780 780 858 809 nec
876 765 1011 821 pietas
1037 778 1195 806 moram

434 834 572 891 Rugis
592 843 635 877 et
654 834 827 877 instanti
848 841 1025 876 senectae

491 902 671 954 Afferet,
692 901 991 957 indomitaeque
1009 900 1157 943 morti:

377 969 419 1010 N
422 984 476 1011 on
496 970 532 1012 si
552 970 744 1021 trecenis,
766 976 970 1026 quotquot
989 976 1091 1011 eunt
1111 969 1216 1021 dies,
1630 971 1658 1010 5

375 1037 535 1088 Amice,
555 1037 695 1093 places
714 1036 1044 1079 illacrimabilem

437 1105 620 1148 Plutona
640 1106 768 1148 tauris
787 1122 799 1154 ;
831 1105 904 1161 qui
927 1112 990 1147 ter
1010 1105 1193 1161 amplum

495 1173 720 1229 Geryonen
743 1173 988 1228 Tityonque
1008 1172 1117 1214 tristi

381 1241 621 1296 Compescit
640 1241 769 1293 unda,
789 1240 947 1282 scilicet
967 1241 1173 1292 omnibus,

379 1307 627 1364 Quicunque
647 1316 770 1351 terrae
790 1322 961 1350 munere
978 1307 1196 1360 vescimur,
1607 1311 1662 1351 10

438 1376 734 1432 Enaviganda,
756 1376 843 1418 sive
863 1390 982 1431 reges

497 1443 596 1486 Sive
616 1444 761 1499 inopes
781 1444 934 1486 erimus
954 1443 1102 1486 coloni.

382 1509 557 1551 Frustra
577 1517 748 1551 cruento
767 1509 909 1550 Marte
930 1508 1178 1559 carebimus,

382 1576 628 1632 Fractisque
647 1575 762 1618 rauci
782 1574 976 1617 fluctibus
993 1576 1168 1624 Adriae;

441 1644 614 1687 Frustra
628 1659 702 1700 per
723 1652 942 1686 autumnos
963 1651 1178 1685 nocentem
1607 1645 1662 1686 15

502 1712 757 1767 Corporibus
783 1720 1014 1753 metuemus
1037 1711 1256 1753 Austrum.

387 1779 593 1823 Visendus
613 1788 702 1822 ater
722 1779 894 1821 flumine
914 1779 1114 1834 languido

385 1849 570 1904 Cocytus
591 1862 746 1898 errans,
768 1856 811 1889 et
832 1847 971 1890 Danai
991 1861 1124 1902 genus

444 1915 622 1967 Infame,
641 1915 942 1970 damnatusque
971 1914 1087 1969 longi

502 1983 710 2039 Sisyphus
731 1980 924 2024 AEolides
944 1981 1109 2024 laboris.
1608 1986 1666 2024 20

387 2050 639 2107 Linquenda
659 2049 796 2100 tellus,
817 2058 859 2091 et
879 2049 1042 2101 domus,
1064 2057 1106 2091 et
1125 2049 1292 2104 placens

387 2119 530 2166 Uxor3
562 2132 696 2173 neque
715 2117 862 2159 harum
884 2131 986 2172 quas
1007 2115 1108 2158 colis
1128 2116 1318 2158 arborum

447 2186 529 2235 Te,
550 2193 702 2240 praeter
720 2184 875 2225 invisas
895 2197 1123 2238 cupressos,

504 2251 608 2293 Ulla
627 2252 794 2293 brevem
815 2249 1030 2291 dominum
1053 2258 1258 2305 sequetur.

346 2323 350 2326 ’
389 2321 597 2362 Absumet
615 2318 749 2360 haeres
772 2318 954 2360 Caecuba
982 2316 1147 2374 dignior
1610 2322 1667 2361 25

388 2387 563 2430 Servata
582 2394 748 2428 centum
770 2385 984 2434 clavibus;
1017 2393 1059 2427 et
1079 2399 1192 2427 mero

446 2455 638 2510 Tinguet
657 2453 943 2510 pavimentum
964 2452 1153 2509 superbis

506 2520 755 2564 Pontificum
776 2522 934 2577 potiore
955 2519 1098 2563 coenis.
