1962 3268
377 309 434 352 92
805 324 845 352 Q.
879 323 1074 350 HouA'ru
1108 323 1271 352 FLAcct

375 421 468 471 Quo
488 434 562 461 nos
582 434 744 476 cunque
763 421 866 463 feret
887 422 1030 464 melior
1049 423 1214 466 fortuna
1232 433 1416 479 parente,
1639 429 1696 470 25

433 487 608 539 Ibimus,
631 490 668 530 O
690 489 788 531 socii
809 489 1073 546 comitesque,

373 555 447 596 Nil
468 556 767 612 desperandum
793 559 957 599 Teucro
977 559 1097 609 duce,
1119 567 1161 600 et
1181 559 1346 615 auspice
1369 562 1558 603 Teucro:

431 624 580 665 Certus
601 624 708 665 enim
730 626 918 680 promisit
939 626 1095 683 Apollo

371 690 620 746 Ambiguam
641 692 788 734 tellure
806 708 913 735 nova
936 694 1144 736 Salamina
1162 694 1358 737 futuram.

428 759 466 799 O
487 758 627 812 fortes,
645 759 865 816 pejoraque
887 761 995 816 passi
1637 767 1695 807 30

372 826 541 866 Mecum
564 840 673 881 saepe
693 827 787 879 viri,
808 842 919 869 nunc
939 829 1036 870 vino
1056 830 1200 885 pellite
1221 845 1361 873 curas:

428 893 530 934 Cras
550 892 696 948 ingens
716 894 954 936 iterabimus
970 911 1121 951 aequor.

707 1058 834 1100 ODE
866 1059 1003 1100 VIII.
1068 1060 1281 1111 (METRUM
1305 1060 1363 1114 X.)

891 1163 953 1190 AD
976 1162 1164 1190 LYDIAM.

367 1233 526 1275 LYDIA
548 1234 630 1284 dic,
653 1249 726 1290 per
745 1250 886 1277 omnes

424 1302 491 1343 Te
512 1302 625 1343 Deos
645 1317 729 1354 oro,
754 1304 941 1357 Sybarim
964 1319 1037 1346 cur
1055 1319 1247 1365 properes
1269 1307 1443 1348 amando

365 1369 569 1416 Perdere3
602 1384 675 1411 cur
694 1370 878 1426 apricum
1232 1385 1236 1389 ·

422 1437 570 1478 Oderit
589 1452 778 1492 campum
799 1438 960 1493 patiens
981 1439 1163 1493 pulveris
1183 1449 1306 1496 atque
1326 1440 1436 1482 solis.

365 1506 452 1546 Cur
471 1519 605 1560 neque
625 1504 815 1546 militaris
1660 1514 1688 1554 5

422 1573 540 1613 Inter
559 1572 736 1628 aequales
757 1572 926 1628 equitat,
951 1573 1115 1616 Gallica
1134 1589 1211 1617 nec
1230 1576 1383 1631 lupatis

364 1640 590 1694 Temperat
611 1654 681 1681 ora
701 1639 872 1681 fraenis?

420 1707 508 1747 Cur
529 1706 646 1748 timet
665 1706 818 1748 flavum
840 1707 1028 1750 Tiberim
1052 1711 1250 1765 tangere?
1277 1726 1350 1754 cur
1369 1712 1524 1755 olivum

363 1773 576 1828 Sanguine
596 1773 782 1829 viperino

420 1840 594 1882 Cautius
614 1841 749 1882 vitat?
781 1857 912 1898 neque
931 1844 1019 1899 jam
1042 1844 1170 1888 livida
1189 1854 1324 1901 gestat
1343 1847 1466 1889 armis
1629 1848 1685 1890 10

356 1907 553 1958 Brachia,
575 1923 685 1963 saepe
705 1908 835 1959 disco,

419 1977 539 2031 Saepe
560 1984 671 2016 trans
692 1975 814 2017 finem
837 1977 978 2031 jaculo
999 1979 1148 2020 nobilis
1169 1980 1391 2034 expedito?

359 2043 472 2094 Quid
491 2043 606 2094 latet,
629 2051 675 2084 ut
695 2043 864 2084 marinae

415 2110 571 2152 Filium
593 2110 737 2152 dicunt
758 2111 955 2153 Thetidis
976 2113 1053 2153 sub
1072 2112 1299 2167 lacrymosa
1321 2115 1462 2170 Trojae

359 2179 539 2229 Funera,
561 2192 612 2219 ne
636 2177 767 2219 virilis
1625 2185 1682 2226 15

415 2245 566 2287 Cultus
587 2244 630 2286 in
651 2245 805 2287 caedem
826 2253 868 2287 et
890 2245 1042 2300 Lycias
1063 2247 1289 2303 proriperet
1309 2253 1523 2292 catervas?

647 2390 650 2393 Ι
684 2411 810 2452 ODE
844 2412 932 2452 IX.
996 2411 1214 2462 (METRUM
1238 2417 1353 2470 xlx.)

794 2513 856 2539 AD
884 2513 1241 2544 THALIARCHUM.

410 2589 556 2628 Vmsss
578 2595 625 2628 ut
646 2587 729 2628 alta
750 2595 830 2628 stet
850 2587 946 2628 nive
968 2588 1187 2631 candidum

358 2654 361 2658 ’
413 2657 592 2703 Soracte,
613 2669 689 2695 nec
710 2654 798 2708 jam
821 2655 1048 2697 sustineant
1069 2671 1172 2698 onus

469 2722 607 2777 Sylvae
627 2721 870 2772 laborantes,
891 2722 1069 2778 geluque

525 2788 720 2831 Flumina
740 2788 996 2831 constiterint
1017 2794 1167 2832 acuto?

1949 373 1962 528 3

1951 531 1962 637 3

1956 638 1962 681 f
