1962 3268
322 298 410 340 214
734 316 774 345 α.
806 315 1004 345 nonam
1038 317 1205 348 FLAcm

729 459 857 502 ODE
890 461 979 503 IX.
1042 463 1107 514 (Μ.
1130 464 1247 516 iux.)

829 588 893 615 AD
925 587 1144 617 LoLLmM.

389 681 463 722 NE
483 681 588 724 forte
609 685 749 726 credas
768 685 1000 738 interitura,
1021 702 1114 742 quae

390 749 539 804 Longe
559 760 770 793 sonantem
790 761 912 794 natus
932 754 983 795 ad
1006 754 1209 796 Aufidum

446 817 543 858 Non
563 826 661 860 ante
678 819 869 874 vulgatas
886 834 960 874 per
979 829 1086 862 artes

506 885 641 927 Verba
660 885 802 941 loquor
821 887 1015 928 socianda
1034 887 1197 929 chordis
1209 903 1222 928 ε

393 951 505 1002 Non,
528 952 562 992 si
577 952 732 1006 priores
754 953 964 995 Maeonius
985 961 1097 995 tenet
1148 958 1161 970 ⁶
1625 960 1653 1000 5

395 1018 521 1059 Sedes
543 1019 769 1071 Homerus,
793 1020 1026 1062 Pindaricae
1046 1021 1194 1073 latent,

450 1085 644 1140 Ceaeque,
666 1095 707 1128 et
727 1087 867 1129 Alcaei
886 1088 1081 1140 minaces,

509 1153 814 1210 Stesichorique
833 1171 979 1211 graves
1000 1158 1227 1199 Camoenae.

394 1219 501 1269 Nec,
521 1220 658 1275 siquid
678 1222 775 1264 olim
796 1222 897 1264 lusit
918 1225 1154 1276 Anacreon,

394 1286 564 1328 Delevit
583 1296 705 1330 aetas:
738 1290 866 1344 spirat
886 1291 1022 1334 adhuc
1042 1307 1168 1344 amor,
1601 1294 1657 1335 10

453 1353 692 1410 Vivuntque
712 1358 920 1399 commissi
941 1359 1094 1401 calores

509 1423 663 1464 AEoliae
677 1423 829 1466 fidibus
847 1426 1009 1479 puellae.

397 1491 441 1532 Ν
443 1504 496 1531 on
516 1491 602 1533 sola
622 1499 777 1533 comtos
797 1492 896 1534 arsit
916 1493 1094 1535 adulteri

397 1557 557 1609 Crines,
580 1567 621 1600 et
640 1573 784 1601 aurum
805 1559 986 1602 vestibus
1005 1559 1158 1603 illitum

453 1625 625 1677 Mirata,
645 1627 883 1682 regalesque
904 1627 1040 1669 cultus
1432 1653 1434 1657 ·
1604 1631 1657 1672 15

514 1694 575 1735 Et
596 1694 778 1745 comites,
800 1694 964 1737 Helene
984 1696 1191 1744 Lacaena;

397 1760 614 1802 Primusve
636 1761 801 1803 Teucer
821 1761 903 1804 tela
924 1762 1115 1818 Cydonio

397 1827 562 1869 Dii-exit
582 1841 704 1870 arcu:
739 1842 822 1869 non
842 1830 968 1872 semel
990 1830 1093 1872 Ilios

454 1896 636 1937 Vexata:
669 1910 752 1937 non
772 1897 975 1951 pugnavit
994 1898 1142 1953 ingens

511 1963 758 2004 Idomeneus
782 1963 1080 2019 Sthenelusque
1101 1966 1214 2007 solus
1601 1969 1658 2008 20

396 2029 587 2071 Dicenda
608 2029 746 2071 Musis
765 2028 936 2084 proelia:
969 2045 1052 2071 non
1071 2031 1187 2072 ferox

398 2099 573 2148 Hector,
593 2097 659 2138 vel
678 2111 770 2138 acer
790 2097 1035 2151 Deiphobus
1047 2112 1192 2152 graves

456 2164 636 2219 Excepit
656 2164 762 2206 ictus
782 2178 856 2219 pro
877 2164 1039 2219 pudicis

514 2232 772 2288 Conjugibus
791 2232 1010 2288 puerisque
1030 2232 1203 2287 primus.

399 2300 548 2342 Vixere
567 2300 693 2341 fortes
715 2308 810 2341 ante
832 2301 1147 2355 Agamemnona
1603 2306 1657 2345 25

402 2367 555 2416 Multi;
589 2368 660 2408 sed
680 2381 819 2409 omnes
839 2367 1152 2423 illacrymabiles

454 2436 700 2490 Urguentur
719 2434 931 2490 ignotique
949 2435 1073 2489 longa

513 2503 661 2552 Nocte,
683 2511 822 2543 carent
840 2503 937 2557 quia
958 2510 1051 2543 vate
1072 2517 1197 2544 sacro.

400 2571 597 2612 PAULUM
619 2569 789 2623 sepultae
809 2569 935 2611 distat
954 2569 1114 2610 inertiae

331 2654 334 2658 ¹
401 2635 547 2678 Celata
565 2633 716 2674 virtus:
749 2648 835 2674 non
855 2649 931 2688 ego
953 2642 993 2674 te
1013 2634 1113 2675 meis
1601 2641 1657 2680 30

457 2701 622 2744 Chattis
642 2701 874 2743 inornatum
896 2701 1037 2751 silebo,

513 2770 652 2811 Totve
673 2776 764 2810 tuos
784 2768 916 2823 patiar
936 2768 1094 2811 labores
1151 2822 1153 2825 ι
