1962 3268
664 322 918 354 strumosum
952 323 1041 351 ms.
1076 325 1104 351 ι.
1135 313 1175 351 5.

254 421 499 466 Proeeinctis
516 435 672 466 unum:
706 420 843 463 minus
862 429 926 462 est
942 422 1083 476 gravis
1106 423 1248 479 Appia
1269 425 1410 468 tardis.

254 487 342 532 Hic
360 504 453 545 ego,
473 497 642 545 propter
659 501 824 543 aquam,
845 489 958 543 quod
977 497 1070 531 erat·
1085 491 1311 543 teterrima,
1333 494 1468 536 ventri

252 557 402 600 Indico
421 555 591 607 bellum,
613 563 824 598 coenantes
843 554 957 597 haud
978 555 1115 598 animo
1135 572 1255 614 aequo

248 621 508 680 Exspectans
528 622 711 667 comites.
770 623 802 664 J
804 637 871 665 am
892 637 976 665 nox
995 623 1190 667 inducere
1211 626 1331 668 terris

250 688 447 742 Umbras,
467 699 510 736 et
529 690 637 736 coelo
657 689 889 733 diffundere
909 690 1028 747 signa
1047 693 1242 748 parabat:

249 759 364 801 Tum
384 758 502 814 pueri
521 757 676 809 nautis,
696 757 836 814 pueris
856 758 1042 801 convicia
1061 768 1202 805 nautae

1531 314 1586 367 17

1526 699 1582 740 10

247 826 456 881 Ingerere.
518 826 556 874 ἹῘ
572 822 674 869 Huc
692 825 867 881 appelle.
929 826 968 875 ἹῘ
986 828 1215 871 Trecentos
1235 829 1395 883 inseris,
1415 831 1496 874 ohe
1513 835 1521 874 !

244 895 278 937 J
279 908 346 938 am
365 895 465 937 satis
485 903 558 937 est.
620 894 658 942 ῚῘ
675 895 790 936 Dum
811 908 869 936 aes
889 894 1085 950 exigitur,
1105 896 1205 938 dum
1227 897 1341 940 mula
1359 898 1530 954 ligatur,

240 963 362 1005 Tota
380 961 468 1004 abit
486 961 612 1004 hora:
645 961 744 1004 mali
765 962 932 1013 culices,
953 977 1146 1019 ranaeque
1165 965 1370 1020 palustres

245 1030 460 1072 Avertunt
479 1044 667 1072 somnos:
699 1029 911 1072 absentem
933 1039 981 1072 ut
1000 1039 1140 1074 cantat
1159 1032 1333 1076 amicam

245 1097 390 1140 Multa
407 1097 597 1153 prolutus
617 1111 754 1153 vappa
773 1105 916 1149 nauta,
937 1106 1061 1154 atque
1081 1098 1216 1142 viator

216 1190 221 1194 ·
245 1165 475 1214 Certatim;
507 1166 674 1208 tandem
694 1165 826 1208 fessus
846 1165 1025 1207 dormire
1044 1166 1179 1208 viator

244 1231 427 1288 Incipit3
461 1246 511 1274 ac
528 1231 665 1277 missae
684 1241 849 1288 pastum
869 1232 1096 1275 retinacula
1115 1234 1241 1276 mulae

240 1300 386 1342 Nauta
404 1299 523 1356 piger
542 1314 640 1344 saxo
660 1300 824 1355 religat,
846 1300 1063 1356 stertitque
1083 1302 1269 1357 supinus.

239 1367 423 1424 Jamque
442 1367 532 1410 dies
551 1368 708 1419 aderat,
729 1381 823 1409 cum
843 1367 904 1409 nil
923 1369 1145 1423 procedere
1163 1369 1330 1413 lintrem

242 1435 476 1478 Sentimus:
509 1435 642 1478 donec
661 1435 897 1478 cerebrosus
915 1436 1079 1491 prosilit
1096 1452 1222 1487 unus,

239 1503 311 1546 Ac
329 1503 455 1545 mulae
473 1512 695 1560 nautaeque
714 1511 839 1559 caput
853 1503 1098 1559 lumbosque
1117 1505 1277 1560 saligno

240 1570 373 1612 Fuste
391 1571 529 1614 dolat:
562 1565 709 1627 quarta
727 1570 799 1612 vix
819 1571 985 1612 demum
1006 1572 1251 1627 exponimur
1269 1573 1385 1617 hora.

238 1638 327 1680 Ora
345 1652 572 1695 manusque
592 1647 665 1680 tua
684 1638 876 1689 lavimus,
899 1636 1090 1690 Feronia,
1110 1639 1297 1695 lympha.

239 1705 383 1748 Millia
402 1714 492 1748 tum
512 1705 652 1761 pransi
672 1704 751 1748 tria
769 1705 965 1761 repimus,
987 1714 1111 1763 atque
1131 1708 1317 1751 subimus

240 1772 491 1828 Impositum
511 1773 621 1816 saxis
639 1773 723 1816 late
743 1773 1014 1815 candentibus
1034 1774 1199 1816 Anxur.

239 1838 341 1883 Huc
360 1849 560 1883 venturus
580 1849 668 1883 erat
689 1842 903 1883 Maecenas
923 1841 1119 1897 optimus,
1141 1851 1265 1899 atque

239 1909 464 1952 Cocceius:
488 1909 610 1952 ,missi
631 1909 792 1965 magnis
811 1910 865 1951 de
882 1910 1006 1952 rebus
1026 1918 1200 1967 uterque

235 1976 407 2033 Legati,
428 1992 592 2020 aversos
611 1977 723 2021 soliti
743 1991 987 2033 componere
1007 1979 1173 2021 amicos.

236 2044 324 2087 Hic
343 2044 473 2087 oculis
493 2059 570 2100 ego
589 2045 710 2100 nigra
729 2045 831 2088 meis
851 2045 1023 2101 collyria
1042 2046 1182 2102 lippus

238 2112 421 2154 Illinere.
482 2113 650 2156 Interea
670 2114 888 2155 Maecenas
908 2114 1093 2164 advenit,
1114 2123 1238 2171 atque

238 2179 452 2230 Cocceius,
474 2179 707 2236 Capitoque
728 2181 851 2222 simul
872 2181 1090 2233 Fonteius,
1112 2183 1166 2224 ad
1188 2199 1370 2239 unguem

236 2248 393 2289 Factus
411 2246 552 2298 homo,
574 2248 752 2297 Antoni,
773 2262 856 2289 non
876 2256 925 2289 ut
944 2249 1076 2303 magis
1095 2249 1214 2302 alter,
1236 2252 1406 2295 amicus.

237 2313 408 2356 Fundos
428 2314 596 2357 Aufidio
618 2314 759 2357 Lusco
780 2313 965 2357 Praetore
984 2315 1161 2359 libenter

236 2382 502 2439 Linquimus,
522 2381 658 2425 insani
677 2382 859 2424 ridentes
878 2383 1048 2438 praemia
1068 2384 1231 2436 scribae,

235 2451 503 2502 Praetextam,
524 2457 566 2492 et
585 2450 717 2493 latum
738 2450 916 2502 clavum,
937 2466 1165 2508 prunaeque
1184 2452 1389 2497 vatillum.

236 2518 292 2560 In
312 2518 621 2560 Mamurrarum
643 2517 740 2560 lassi
761 2518 912 2561 deinde
933 2520 1035 2561 urbe
1055 2534 1283 2572 manemus,

235 2585 418 2627 Murena
431 2585 641 2641 praebente
661 2585 847 2638 domum,
868 2586 1074 2641 Capitone
1094 2587 1307 2631 culinam.-

232 2653 408 2695 Postera
426 2652 501 2694 lux
520 2653 650 2696 oritur
668 2653 801 2697 multo
821 2654 1080 2710 gratissima:
1114 2670 1293 2712 namque

235 2719 461 2762 Plotius-et
481 2720 631 2763 Varius
653 2721 861 2765 Sinuessae
884 2722 1164 2780 Virgiliusque

235 2785 500 2836 Occurrunt;
533 2788 697 2840 animae,
717 2790 859 2845 quales
879 2805 1014 2847 neque
1033 2791 1291 2835 candidiores

1366 2874 1388 2900 c

1520 1037 1575 1078 15

1517 1376 1573 1417 20

1516 1713 1572 1754 25

1512 2054 1569 2093 30

1510 2392 1567 2432 35

1502 2730 1566 2769 740
