1962 3268
622 344 880 373 SERMONUM
915 343 1005 371 un.
1040 343 1067 370 1.
1101 328 1142 371 6.
1497 326 1547 367 21

217 448 411 504 Namque
422 454 486 489 est
499 444 585 496 ille,
600 453 717 500 pater
727 443 839 500 quod
853 450 940 484 erat
952 455 1081 483 meus.
1132 442 1171 489 ἿῘ
1191 440 1283 482 Hoc
1299 440 1373 483 tibi
1387 439 1544 482 Paulus

216 515 278 556 Et
297 514 480 556 Messala
499 511 683 554 videris?
744 511 809 552 At
827 509 910 559 hic,
934 508 968 550 si
989 508 1144 563 plostra
1165 509 1344 550 ducenta

214 581 557 636 Concurrantque
575 578 664 620 foro
688 576 768 619 tria
786 576 946 625 funera,
969 589 1119 630 magna
1139 575 1301 617 sonabit

215 649 385 689 Cornua
403 647 515 704 quod
534 646 753 701 vincatque
773 644 916 686 tubas:
949 643 1094 685 saltem
1114 651 1229 684 tenet
1247 642 1327 684 hoc
1348 657 1435 684 nos.

214 714 255 762 ῚῘ
271 715 397 756 Nunc
416 714 470 756 ad
489 728 555 755 me
575 713 713 763 redeo,
734 710 928 754 libertino
946 718 1065 766 patre
1083 718 1252 752 natum:
1489 711 1543 750 45

212 782 349 833 Quem
369 781 523 823 rodunt
541 794 683 822 omnes
698 779 891 821 libertino
910 787 1027 835 patre
1046 787 1213 821 natum:

216 849 342 890 Nunc
360 848 458 904 quia
478 862 569 890 sum
590 847 681 898 tibi,
697 848 925 898 Maecenas,
946 846 1181 895 convictor3
1214 854 1257 888 at
1272 845 1370 888 olim

212 915 340 967 Quod
358 915 462 957 mihi
481 923 644 972 pareret
662 915 773 971 legio
794 915 987 957 Romana
1007 914 1185 956 tribuno.

216 982 432 1025 Dissimile
450 982 530 1025 hoc
549 982 612 1025 illi
631 993 716 1025 est:
748 983 847 1039 quia
866 998 949 1024 non
970 991 1018 1025 ut
1036 982 1156 1024 forsit
1174 981 1370 1023 honorem

212 1050 247 1091 J
252 1064 324 1091 ure
343 1049 447 1091 mihi
467 1050 652 1092 invideat
671 1051 823 1106 quivis,
844 1051 903 1093 ita
923 1060 964 1093 te
983 1065 1146 1107 quoque
1165 1049 1341 1092 amicum
1358 1066 1369 1097 ;
1489 1049 1547 1088 50

218 1116 458 1159 Praesertim
478 1127 645 1160 cautum
666 1118 815 1174 dignos
834 1133 1054 1167 assumere,
1075 1132 1204 1174 prava

216 1185 457 1227 Ambitione
475 1186 632 1241 procul.
696 1187 881 1229 Felicem
903 1187 1039 1229 dicere
1059 1201 1142 1228 non
1162 1185 1242 1227 hoc

219 1252 297 1294 Me
315 1266 497 1308 possum,
511 1267 617 1295 *casu
636 1253 749 1310 quod
769 1263 810 1296 te
830 1254 999 1296 sortitus
1018 1254 1217 1296 amicum:

218 1319 350 1362 Nulla
369 1320 521 1362 etenim
542 1321 646 1363 mihi
667 1330 709 1363 te
727 1323 811 1363 fors
831 1322 1004 1364 obtulit:
1037 1321 1219 1377 optimus
1239 1320 1337 1362 olim

219 1387 435 1443 Virgilius,
454 1399 549 1445 post
569 1389 680 1432 hunc
702 1390 866 1441 Varius,
886 1390 1027 1432 dixere
1047 1389 1148 1446 quid
1167 1403 1311 1431 essem.
1493 1389 1549 1429 55

219 1455 285 1496 Ut
305 1455 401 1498 veni
418 1471 569 1507 coram,
590 1457 805 1513 singultim
825 1472 958 1513 pauca
977 1457 1140 1499 locutus

220 1522 392 1578 (lufaus
412 1539 590 1581 namque
610 1525 746 1580 pudor
766 1524 1011 1580 prohibebat
1029 1525 1150 1580 plura
1169 1524 1342 1580 profari)

222 1592 266 1634 N
268 1606 321 1633 on
342 1607 420 1648 ego
440 1607 506 1634 me
526 1593 636 1635 claro
655 1602 799 1636 natum
820 1602 953 1648 patre,
975 1607 1058 1634 non
1080 1608 1157 1649 ego
1177 1594 1331 1635 circum

225 1661 302 1702 Me
324 1659 568 1702 Satureiano
590 1661 742 1703 vectari
761 1676 858 1703 rura
877 1660 1052 1711 caballo,

225 1727 309 1769 Sed
329 1728 440 1783 quod
460 1743 586 1779 eram,
608 1743 753 1771 narro:
785 1729 1023 1785 respondes,
1044 1737 1092 1771 ut
1112 1738 1208 1771 tuus
1229 1739 1291 1771 est
1313 1744 1416 1779 mos,
1496 1729 1554 1771 (50

224 1795 387 1837 Pauca:
419 1797 520 1838 abeo
537 1814 549 1846 ;
583 1806 624 1838 et
643 1812 810 1840 revocas
830 1812 939 1839 nono
958 1806 1052 1852 post
1073 1812 1226 1848 mense,
1240 1797 1448 1853 jubesque

225 1864 333 1906 Esse
351 1863 396 1905 in
416 1865 638 1907 amicorum
661 1880 847 1907 numero.
905 1866 1111 1921 Magnum
1132 1865 1212 1906 hoc
1232 1880 1309 1921 ego
1329 1866 1450 1916 duco,

222 1931 350 1983 Quod
368 1931 507 1988 placui
527 1932 619 1984 tibi,
640 1934 711 1989 qui
733 1934 845 1990 turpi
863 1934 1040 1976 secernis
1060 1933 1294 1984 honestum,

226 1999 324 2041 Non
342 2007 460 2055 patre
480 2001 695 2056 praeclaro,
717 2002 790 2043 sed
811 2001 897 2044 vita
917 2011 960 2044 et
979 2011 1145 2059 pectore
1165 2017 1283 2058 puro.

226 2067 363 2124 Atqui
383 2066 419 2108 si
439 2067 553 2110 vitiis
573 2069 862 2120 mediocribus,
883 2086 930 2113 ac
950 2085 1042 2112 mea
1061 2071 1204 2126 paucis
1500 2071 1557 2113 65

227 2135 435 2178 Mendosa
453 2145 516 2178 est
534 2145 696 2188 natura,
718 2137 871 2194 alioqui
891 2147 1015 2189 recta,
1040 2139 1175 2190 (velut
1195 2139 1231 2180 si

228 2203 413 2258 Egregio
431 2203 638 2258 inspersos
658 2207 881 2260 reprendas
901 2221 1070 2262 corpore
1090 2208 1266 2260 naevos,)

230 2270 276 2312 Si
296 2285 430 2326 neque
449 2272 680 2323 avaritiam,
701 2288 835 2329 neque
856 2275 1009 2322 sordes,
1031 2283 1103 2316 aut
1123 2275 1232 2317 mala
1250 2276 1382 2318 lustra

228 2338 412 2394 Objiciet
432 2354 527 2382 vere
546 2340 762 2397 quisquam
784 2341 913 2393 mihi;
942 2357 1071 2397 purus
1091 2351 1133 2384 et
1152 2342 1293 2386 insons

230 2409 313 2460 (Ut
332 2422 398 2450 me
417 2409 667 2464 collaudem)
691 2410 724 2451 si
746 2411 841 2452 vivo
860 2419 902 2453 et
923 2426 1041 2453 carus
1060 2412 1225 2454 amicis:
1504 2416 1561 2468 70

232 2477 369 2518 Causa
388 2474 470 2518 fuit
490 2486 607 2532 pater
627 2477 707 2529 his,
729 2478 801 2534 qui
822 2493 958 2521 macro
977 2494 1135 2535 pauper
1154 2481 1288 2536 agello

233 2545 381 2587 Noluit
400 2545 442 2586 in
466 2546 591 2588 Flavi
612 2546 756 2588 ludum
778 2561 843 2588 me
864 2547 1041 2598 mittere,
1063 2548 1205 2604 magni

229 2613 326 2663 Quo
344 2613 461 2668 pueri
482 2614 641 2670 magnis
661 2630 684 2657 e
703 2615 1011 2658 centurionibus
1030 2616 1124 2666 orti,

233 2680 366 2722 Laevo
386 2682 573 2737 suspensi
592 2683 749 2726 loculos
770 2684 1036 2740 tabulamque
1056 2684 1225 2736 lacerto,

235 2747 362 2789 Ibant
381 2749 538 2791 octonis
556 2750 777 2794 referentes
797 2752 936 2794 idibus
956 2768 1056 2796 aera:
1506 2758 1563 2812 75

235 2814 319 2856 Sed
339 2829 512 2870 puerum
535 2826 596 2860 est
616 2833 741 2861 ausus
761 2820 938 2863 Romam
960 2831 1137 2877 portare,
1159 2824 1390 2867 docendum
