1962 3268
623 355 946 383 EPISTOLARUM
981 356 1068 383 Lm.
1106 357 1135 383 1.
1167 345 1235 385 18.
1516 344 1599 388 195

266 456 424 500 Proelia
443 458 644 501 sustineas
664 460 930 515 campestria:
962 459 1141 516 denique
1161 475 1313 503 saevam

266 525 469 568 Militiam
489 540 594 582 puer
612 534 654 568 et
676 527 926 568 Cantabrica
946 527 1055 568 bella
1076 528 1224 579 tulisti,
1545 531 1601 572 55

268 594 357 635 Sub
377 594 482 635 duce
503 594 574 649 qui
595 594 760 649 templis
779 593 1029 635 Parthorum
1053 595 1171 649 signa
1190 594 1328 650 refigit

265 661 407 712 Nunc,
428 669 471 703 et
485 661 623 718 siquid
644 663 774 712 abest,
798 661 920 703 Italis
942 661 1155 716 adjudicat
1176 663 1313 704 armis.

263 728 344 780 Ac,
362 742 416 770 ne
436 736 477 770 te
497 729 682 772 retrahas
701 737 744 771 et
763 729 1056 774 inexcusabilis
1075 731 1225 780 abstes‚

266 795 469 847 Quamvis
487 795 549 837 nil
564 805 685 839 extra
704 810 923 839 numerum
942 796 1089 839 fecisse
1109 798 1363 855 modumque

266 862 416 914 Curas,
437 863 645 906 interdum
666 864 836 920 nugaris
857 880 953 907 rure
968 872 1140 921 paterno
1158 882 1167 907 ε
1547 866 1606 909 60

265 930 453 973 Partitur
467 931 612 974 lintres
633 932 863 981 exercitus3
896 933 1019 975 Actia
1038 948 1181 990 pugna

267 1000 335 1042 Te
355 1000 461 1043 duce
481 1015 555 1057 per
574 1016 723 1057 pueros
742 1001 886 1043 hostili
907 1016 1018 1043 more
1038 1002 1240 1052 refertum

266 1065 545 1111 Adversarius
565 1077 627 1111 est
647 1069 802 1119 frater;
835 1069 965 1122 lacus,
986 1070 1150 1119 Adria;
1185 1071 1316 1113 donec

266 1134 530 1178 Alterutrum
550 1137 675 1178 velox
696 1137 870 1179 victoria
889 1137 1037 1180 fronde
1057 1147 1237 1182 coronet.

266 1203 512 1246 Consentire
532 1204 617 1246 suis
637 1205 787 1247 studiis
807 1204 879 1261 qui
900 1206 1120 1248 crediderit
1140 1215 1197 1257 te,
1548 1206 1604 1249 65

266 1270 426 1312 Fautor
445 1269 619 1328 utroque
640 1281 758 1314 tuum
781 1273 970 1314 laudabit
990 1274 1140 1328 pollice
1159 1275 1320 1316 ludum.

266 1338 464 1381 Protinus
484 1348 532 1381 ut
551 1355 740 1382 moneam
764 1339 922 1396 (siquid
943 1341 1156 1384 monitoris
1177 1357 1274 1398 eges
1295 1345 1363 1396 tu)

267 1406 395 1459 Quid,
417 1408 470 1450 de
490 1423 673 1465 quo-que
693 1408 797 1461 viro,
819 1417 861 1450 et
882 1409 950 1451 cui
970 1410 1099 1463 dicas,
1122 1426 1232 1467 saepe
1253 1412 1406 1453 videto.

267 1476 603 1519 Percontatorem
625 1477 781 1532 fugito:
814 1492 910 1519 nam
931 1479 1122 1533 garrulus
1141 1479 1252 1521 idem
1273 1487 1362 1529 est3

267 1545 359 1586 Nec
375 1544 555 1586 retinent
574 1545 729 1601 patulae
751 1545 967 1587 commissa
986 1546 1165 1589 fideliter
1185 1562 1303 1589 aures
1320 1565 1332 1597 ;
1546 1545 1605 1600 70

266 1611 328 1654 Et
348 1612 473 1654 semel
492 1612 687 1655 emissum
708 1613 822 1655 volat
841 1613 1118 1656 inrevocabile
1139 1616 1324 1657 verbum.

268 1681 366 1723 Non
387 1681 538 1723 ancilla
556 1689 673 1723 tuum
689 1680 810 1737 jecur
829 1682 984 1724 ulceret
1004 1683 1106 1734 ulla,
1127 1698 1298 1739 puerve,

269 1750 389 1792 Intra
406 1763 677 1791 marmoreum
699 1751 924 1792 venerandi
940 1751 1067 1793 limen
1088 1752 1232 1794 amici:

267 1818 336 1859 Ne
355 1817 548 1859 dominus
569 1818 687 1873 pueri
703 1818 873 1874 pulchri
893 1833 1052 1861 caraeve
1072 1819 1223 1875 puellae

269 1886 450 1928 Munere
471 1894 512 1928 te
531 1900 662 1941 parvo
682 1887 791 1938 beet,
813 1895 886 1929 aut
904 1887 1190 1931 incommodus
1211 1897 1350 1945 angat.
1547 1889 1606 1943 75

269 1954 443 2005 Qualem
464 1955 740 2006 commendes,
758 1955 880 1997 etiam
903 1964 1026 2011 atque
1047 1956 1172 1998 etiam
1193 1957 1356 2012 aspice;
1388 1971 1442 1999 ne
1462 1971 1561 1998 mox

269 2022 485 2064 Incutiant
504 2022 639 2064 aliena
660 2022 737 2064 tibi
757 2032 928 2078 peccata
942 2024 1157 2079 pudorem.

267 2090 484 2141 Fallimur,
505 2098 546 2133 et
566 2090 774 2147 quondam
794 2105 878 2132 non
899 2091 1073 2147 dignum
1096 2092 1297 2135 tradimus
1314 2110 1323 2134 :
1357 2107 1455 2149 ergo

269 2161 403 2212 Quem
423 2174 497 2201 sua
517 2159 640 2213 culpa
657 2167 831 2213 premet,
854 2159 1051 2214 deceptus
1071 2160 1215 2202 omitte
1236 2160 1370 2210 tueri3

269 2228 349 2279 Ut,
369 2227 538 2283 penitus
558 2234 703 2267 notum
725 2226 759 2266 si
779 2234 940 2267 tentent
961 2227 1150 2278 crimina,
1173 2242 1324 2280 serves,
1548 2229 1606 2269 80

271 2292 524 2348 Tuterisque
545 2300 616 2333 tuo
636 2291 831 2333 fidentem
851 2292 1066 2347 praesidio:
1098 2293 1169 2349 qui

269 2362 410 2403 Dente
432 2359 654 2401 Theonino
676 2374 768 2401 cum
791 2359 1123 2413 circumroditur,
1146 2360 1294 2417 ecquid

269 2430 340 2472 Ad
359 2438 401 2472 te
419 2436 513 2484 post
528 2428 652 2484 paulo
670 2436 845 2470 ventura
864 2429 1048 2484 pericula
1068 2428 1227 2470 sentis?

270 2500 382 2542 Nam
404 2505 476 2540 tua
489 2511 554 2538 res
574 2496 725 2552 agitur,
747 2496 881 2553 paries
899 2511 994 2539 cum
1014 2497 1226 2553 proximus
1247 2497 1389 2547 ardet;

273 2564 332 2609 Et
351 2566 538 2622 neglecta
558 2566 692 2608 solent
711 2565 903 2608 incendia
923 2581 1084 2608 sumere
1104 2566 1227 2609 vires.
1545 2567 1603 2608 85

271 2633 421 2676 Dulcis
440 2634 665 2689 inexpertis
685 2634 848 2677 cultura
862 2635 1044 2690 potentis
1064 2634 1200 2686 amici,

272 2702 485 2757 Expertus
504 2703 666 2744 metuit.
729 2703 817 2753 Tu,
839 2702 938 2744 dum
959 2711 1033 2745 tua
1051 2703 1170 2745 navis
1190 2702 1233 2744 in
1254 2702 1339 2745 alto
1354 2711 1431 2755 est,

272 2771 372 2812 Hoc
392 2783 482 2824 age,
503 2784 555 2811 ne
574 2778 733 2812 mutata
750 2778 971 2812 retrorsum
993 2779 1034 2812 te
1053 2771 1159 2813 ferat
1179 2785 1290 2813 aura.

274 2837 465 2879 Oderunt
484 2836 657 2879 hilarem
680 2837 832 2887 tristes,
849 2837 1089 2892 tristemque
1103 2838 1250 2893 jocosi,

1344 2916 1369 2941 o
1398 2903 1426 2942 2
