1962 3268
403 340 430 377 4
831 348 869 376 o.
904 344 1097 373 HORATII
1131 344 1294 372 FLAcm

407 450 651 503 Supremum
673 455 849 501 tempus,
870 459 923 487 ne
943 459 985 486 se
1004 443 1176 499 penuria
1196 443 1329 484 victus

406 515 683 571 Opprimeret,
704 515 923 556 metuebat.
983 514 1041 554 At
1060 512 1171 553 hunc
1191 511 1337 552 liberta
1357 509 1487 552 securi

407 583 565 624 Divisit
585 582 780 633 medium,
800 581 1020 623 fortissima
1042 579 1392 635 Tyndaridarum.
1644 575 1730 617 100

409 651 445 698 ql
464 650 576 702 Quid
595 650 653 691 mi
673 649 798 705 igitur
818 649 990 691 suades?
1021 656 1068 689 ut
1087 647 1223 688 vivam
1246 646 1442 696 Maenius,
1464 651 1536 687 aut
1556 643 1614 685 sic

408 719 473 760 Ut
495 720 778 760 Nomentanus
795 720 812 758 ?
845 717 881 763 ἹῘ
901 716 1046 771 Pergis
1066 714 1294 770 pugnantia
1315 728 1451 756 secum

406 786 630 828 Frontibus
650 785 831 827 adversis
851 782 1116 840 componere?
1147 797 1230 824 non
1247 797 1335 838 ego,
1358 795 1526 824 avarum

409 855 517 896 Cum
538 862 632 895 veto
652 861 693 894 te
712 852 815 902 fieri,
837 866 1012 906 vappam
1027 851 1155 905 jubeo
1176 865 1223 892 ac
1242 850 1500 891 nebulonem.

407 923 488 964 Est
507 922 614 962 inter
631 919 810 961 Tanaim
830 919 1026 974 quiddam
1048 931 1312 972 socerumque
1332 916 1492 957 Viselli.
1643 914 1728 955 105

407 991 489 1032 Est
508 989 653 1029 modus
673 987 717 1028 in
737 987 856 1028 rebus
873 1003 884 1034 ;
908 994 1003 1027 sunt
1019 985 1119 1027 certi
1140 984 1316 1039 denique
1337 983 1453 1033 fines,

408 1057 523 1103 Quos
542 1056 652 1097 ultra
672 1054 852 1110 citraque
871 1053 1014 1109 nequit
1035 1052 1255 1095 consistere
1274 1059 1444 1092 rectum.

407 1123 534 1175 Illuc,
558 1123 666 1164 unde
686 1121 782 1172 abii,
804 1122 952 1170 rede0;
983 1121 1144 1162 nemon'
1164 1127 1210 1161 ut
1230 1133 1375 1161 avarus

410 1192 463 1233 Se
483 1191 642 1246 probet,
665 1205 712 1232 ac
732 1189 869 1245 potius
884 1189 1027 1230 laudet
1047 1188 1209 1230 diversa
1230 1187 1472 1242 sequentes?

408 1259 612 1314 Quodque
633 1258 766 1299 aliena
786 1256 942 1311 capella
962 1264 1077 1311 gerat
1097 1254 1315 1296 distentius
1336 1254 1451 1303 uber,
1646 1251 1731 1291 110

409 1325 642 1368 Tabescat?
665 1339 798 1379 neque
819 1338 861 1364 se
882 1323 1026 1378 majori
1046 1322 1333 1378 pauperiorum

409 1395 566 1436 Turbae
586 1399 792 1447 comparet
809 1390 822 1432 ?
855 1390 967 1431 hunc
987 1398 1110 1445 atque
1128 1389 1239 1430 hunc
1260 1403 1448 1444 superare
1467 1387 1624 1429 laboret
1642 1386 1657 1428 Ρ

410 1461 479 1503 Sic
499 1459 709 1502 festinanti
730 1472 890 1513 semper
907 1457 1152 1512 locupletior
1172 1457 1306 1498 obstat
1324 1472 1333 1496 ε

407 1531 472 1570 Ut
492 1543 584 1570 cum
606 1526 832 1569 carceribus
853 1524 996 1565 missos
1015 1523 1123 1578 rapit
1144 1524 1298 1578 ungula
1318 1537 1474 1573 currus,

409 1599 545 1638 Instat
565 1594 679 1651 equis
699 1593 842 1648 auriga
862 1606 955 1633 suos
976 1590 1248 1641 vincentibus,
1270 1590 1388 1630 illum
1646 1589 1728 1629 115
1790 1632 1794 1633 ⁷

409 1663 671 1707 Praeteritum
693 1670 878 1703 temnens
898 1668 1099 1701 extremos
1118 1659 1226 1700 inter
1245 1666 1424 1699 euntem.

407 1733 514 1774 Inde
533 1731 582 1772 fit
602 1738 648 1771 ut
668 1744 774 1780 raro,
794 1728 865 1783 qui
886 1742 928 1769 se
948 1728 1097 1768 vixisse
1117 1727 1280 1768 beatum

408 1800 549 1849 Dicat,
572 1806 613 1840 et
634 1804 780 1839 exacto
799 1803 1015 1837 contentus
1035 1802 1216 1848 tempore
1236 1793 1335 1833 vitae

409 1867 557 1917 Cedat,
578 1865 641 1906 uti
661 1863 833 1906 conviva
852 1870 978 1911 satur,
1000 1861 1176 1916 reperire
1195 1874 1403 1915 queamus.

409 1935 439 1974 J
443 1947 507 1975 am
528 1932 625 1974 satis
646 1939 707 1972 est
724 1947 732 1971 :
765 1945 818 1970 ne
837 1943 902 1970 me
925 1928 1107 1983 Crispini
1127 1927 1276 1969 scrinia
1295 1926 1399 1982 lippi
1645 1926 1731 1966 120

411 1999 666 2055 Compilasse
684 2005 819 2053 putes,
840 1996 1009 2038 verbum
1028 2010 1111 2036 non
1131 1994 1306 2050 amplius
1327 1994 1487 2035 addam.

904 2262 1137 2304 SATIRA
1168 2261 1231 2301 II.

409 2381 766 2421 AMBUBAJARUM
790 2377 980 2432 collegia,
997 2373 1346 2431 pharmacopolae,

373 2482 375 2487 ,
411 2446 614 2496 Mendici,
635 2445 787 2495 mimae,
808 2445 1055 2493 balatrones,
1075 2442 1154 2484 hoc
1173 2433 1303 2497 genus
1324 2456 1443 2483 omne

410 2514 612 2554 Moestum
635 2527 682 2553 ac
703 2511 906 2552 solicitum
928 2517 989 2551 est
1009 2508 1185 2550 cantoris
1205 2515 1335 2556 morte
1358 2508 1544 2563 Tigelli3

409 2580 575 2634 Quippe
594 2579 796 2632 benignus
817 2585 925 2619 erat:
959 2584 1099 2617 contra
1118 2575 1187 2616 hic
1207 2590 1260 2616 ne
1279 2576 1476 2632 prodigus
1497 2593 1583 2621 esse

351 2661 354 2664 ⁴
407 2648 587 2688 Dicatur
605 2658 808 2695 metuens,
828 2643 942 2698 inopi
962 2643 1058 2684 dare
1077 2642 1181 2683 nolit
1201 2642 1345 2694 amico,
1699 2652 1726 2691 5

406 2714 555 2769 Frigus
574 2728 655 2769 quo
675 2713 900 2767 duramque
920 2710 1068 2752 famem
1090 2709 1293 2765 depellere
1312 2711 1455 2765 possit.

407 2784 537 2824 Hunc
558 2781 591 2823 si
611 2778 873 2836 perconteris,
894 2777 960 2820 avi
981 2792 1053 2819 cur
1072 2785 1193 2833 atque
1213 2778 1393 2832 parentis
