1962 3268
401 287 484 329 126
533 279 536 282 ¹
837 301 876 331 α.
898 301 1092 330 nonA'rn
1125 304 1289 333 FLACCI

457 399 584 440 Illum
605 407 646 441 et
666 401 847 454 parentis
867 400 1109 443 crediderim
1130 402 1194 444 sui

454 466 646 522 Fregisse
666 467 879 519 cervicem,
900 476 941 510 et
961 469 1186 523 penetralia

514 534 720 589 Sparsisse
738 543 938 578 nocturno
958 549 1100 577 cruore

564 602 770 657 Hospitis.
831 602 912 644 Ille
933 616 1092 644 venena
1113 602 1287 653 Colcha,

451 668 512 709 Et
532 667 727 723 quicquid
746 683 919 724 usquam
940 669 1170 724 concipitur
1198 669 1328 720 nefas,

453 734 683 786 Tractavit‚
702 749 800 790 agro
819 735 891 790 qui
912 735 1057 778 statuit
1084 749 1175 778 meo

510 801 578 842 Te
597 801 712 843 triste
731 801 907 856 lignum,
929 811 969 844 te
990 803 1190 844 caducum

567 869 621 909 In
641 868 797 909 domini
818 878 942 923 caput
963 869 1229 911 immerentis.

453 933 565 985 Quid
584 934 755 990 quisque
775 935 894 986 vitet,
915 950 1125 991 nunquam
1146 935 1303 977 homini
1330 937 1428 978 satis

452 1002 632 1043 Cautum
652 1011 714 1043 est
734 1002 779 1043 in
802 1002 949 1044 horas:
979 1002 1121 1044 navita
1141 1003 1373 1057 Bosporum

506 1070 663 1110 Poenus
684 1069 971 1124 perhorrescit,
992 1084 1126 1125 neque
1152 1069 1261 1111 ultra

564 1136 687 1178 Caeca
707 1136 826 1178 timet
846 1136 1014 1179 aliunde
1031 1137 1142 1180 fata:

451 1201 582 1244 Miles
602 1202 772 1258 sagittas
792 1212 834 1245 et
854 1204 1025 1246 celerem
1044 1204 1186 1260 fugam

448 1268 619 1318 Parthi;
654 1278 817 1313 catenas
838 1271 1018 1313 Parthus
1038 1280 1079 1313 et
1101 1271 1256 1313 Italum

507 1336 654 1377 Robur
671 1351 681 1378 t
714 1337 785 1378 sed
805 1336 1028 1392 improvisa
1046 1338 1119 1379 leti

564 1402 637 1444 Vis
655 1404 792 1458 rapuit
811 1404 1023 1459 rapietque
1042 1412 1198 1460 gentes.

450 1470 585 1516 Quam
605 1484 710 1524 pene
729 1470 860 1511 furvae
881 1485 1007 1525 regna
1028 1472 1302 1527 Proserpinae,

448 1537 509 1577 Et
522 1536 779 1591 judicantem
804 1537 983 1579 vidimus
1004 1538 1199 1589 AEacum,
1230 1547 1234 1551 ⁴

507 1603 714 1658 Sedesque
734 1603 930 1646 discretas
949 1605 1126 1659 piorum,
1148 1614 1190 1647 et

562 1669 716 1710 AEoliis
735 1669 887 1712 fidibus
907 1681 1143 1726 querentem

451 1735 618 1791 Sappho
645 1737 794 1791 puellis
815 1738 866 1779 de
887 1740 1168 1793 popularibus,

448 1804 510 1844 Et
530 1811 571 1845 te
592 1812 803 1846 sonantem
825 1805 988 1860 plenius
1007 1821 1129 1849 aureo

504 1871 644 1912 Alcaee
663 1872 820 1925 plectro
841 1873 944 1915 dura
964 1875 1097 1925 navis,

563 1938 682 1979 Dura
701 1938 814 1992 fugae
835 1939 956 1989 mala,
978 1941 1081 1981 dura
1100 1940 1197 1982 belli
1213 1942 1222 1980 !

448 2005 685 2058 Utrumque
706 2018 818 2045 sacro
838 2005 965 2059 digna
985 2005 1149 2048 silentio

446 2072 657 2113 Mirantur
677 2072 836 2113 umbrae
855 2072 1013 2114 dicere:
1045 2074 1117 2115 sed
1137 2074 1267 2129 magis

502 2138 672 2192 Pugnas
693 2146 735 2180 et
759 2146 922 2180 exactos
944 2147 1139 2193 tyrannos

561 2207 750 2248 Densum
771 2205 953 2248 humeris
973 2206 1077 2249 bibit
1096 2222 1194 2250 aure
1213 2209 1376 2265 vulgus.

448 2272 560 2324 Quid
579 2273 744 2324 mirum,
765 2273 837 2315 ubi
857 2273 940 2315 illis
960 2274 1207 2319 carminibus
1228 2286 1396 2333 stupens

447 2340 773 2390 Demittitatras
791 2340 913 2383 belua
933 2341 1138 2397 centiceps

504 2407 651 2457 Aures,
672 2416 714 2448 et
732 2406 875 2449 intorti
894 2407 1054 2462 capillis

561 2473 842 2515 Eumenidum
870 2483 1104 2516 recreantur
1121 2481 1308 2532 angues?

449 2540 561 2591 Quin
581 2548 622 2581 et
642 2541 915 2583 Prometheus
935 2549 976 2582 et
997 2541 1163 2597 Pelopis
1183 2558 1330 2598 parens

447 2607 575 2649 Dulci
594 2607 775 2650 laborem
796 2608 1000 2662 decipitur
1018 2622 1116 2650 sono
1134 2625 1143 2650 :

503 2675 594 2716 Nec
615 2682 730 2716 curat
750 2674 879 2716 Orion
899 2673 1050 2725 leones,

558 2743 650 2783 Aut
672 2741 836 2783 timidos
857 2741 1011 2796 agitare
1038 2742 1191 2796 lyncas.

1661 737 1717 778 10

1662 1072 1715 1114 15

1657 1743 1713 1783 25
