1962 3268
342 294 426 350 172
775 311 815 342 Q.
841 311 1037 342 noum
1053 339 1056 342 ,
1070 312 1234 345 uacet

341 408 438 459 Qui,
455 409 632 452 domitor
653 410 811 466 Trojae,
824 411 1054 466 ,multorum
1075 414 1272 468 providus
1292 415 1413 457 urbes

337 476 399 518 Et
419 491 550 518 mores
570 477 783 520 hominum
804 478 1004 535 inspexit;
1037 480 1247 537 latumque
1267 497 1341 538 per
1362 497 1515 539 aequor,

338 543 452 585 Dum
474 545 566 596 sibi,
588 546 686 587 dum
707 546 827 591 sociis
846 548 1024 590 reditum
1040 558 1172 604 parat,
1193 565 1336 605 aspera
1356 551 1486 594 multa

336 611 529 664 Pertulit,
546 613 728 655 adversis
742 629 876 659 rerum
898 615 1186 659 immersabilis
1207 618 1344 660 undis.

339 679 527 722 Sirenum
549 695 666 723 voces
687 690 728 724 et
751 682 884 725 Circae
896 684 1043 738 pocula
1062 684 1196 735 nosti3

341 746 446 796 Quae
464 747 498 789 si
519 762 611 790 cum
635 749 755 791 sociis
776 750 928 793 stultus
950 752 1205 809 cupidusque
1224 753 1407 806 bibisset,

338 815 425 856 Sub
445 816 612 858 domina
632 817 843 860 meretrice
862 818 1007 861 fuisset
1028 820 1160 875 turpis
1181 829 1222 863 et
1243 837 1398 873 excors,

337 881 522 925 Vixisset
542 884 654 926 canis
673 885 927 936 immundus,
944 886 1011 927 vel
1030 888 1161 930 amica
1179 889 1269 930 luto
1289 904 1370 931 sus.

333 952 422 993 Nos
441 966 635 994 numerus
655 967 810 1005 sumus,
830 961 871 995 et
882 953 1023 1008 fruges
1043 969 1280 998 consumere
1299 956 1401 1007 nati,

335 1019 483 1074 Sponsi
502 1020 741 1075 Penelopae,
762 1021 1001 1071 nebulones,
1022 1021 1286 1079 Alcinoique,

334 1088 387 1128 In
409 1095 502 1130 cute
518 1089 698 1131 curanda
717 1089 811 1144 plus
832 1103 950 1145 aequo
969 1099 1136 1146 operata
1142 1091 1369 1147 juv'entus;

332 1156 414 1196 Cui
434 1156 652 1211 pulchrum
672 1157 753 1199 fuit
773 1157 816 1199 in
837 1158 993 1199 medios
1013 1159 1191 1201 dormire
1210 1160 1313 1212 dies,
1335 1170 1376 1203 et

330 1224 405 1265 Ad
425 1224 640 1280 strepitum
662 1224 831 1266 citharae
852 1234 1053 1267 cessatum
1074 1227 1223 1269 ducere
1244 1243 1396 1270 curam.

331 1291 395 1333 Ut
408 1292 605 1347 jugulent
625 1292 848 1342 hominem,
871 1301 1045 1347 surgunt
1066 1294 1118 1335 de
1137 1302 1258 1336 nocte
1278 1296 1454 1337 latrones
1476 1312 1485 1335 :

331 1360 395 1401 Ut
408 1359 584 1414 teipsum
602 1375 751 1411 serves,
767 1375 849 1402 non
871 1361 1196 1415 expergisceris?
1216 1363 1331 1418 atqui

332 1425 377 1467 Si
393 1427 505 1469 noles
522 1442 659 1478 sanus,
680 1443 816 1470 curres
835 1428 1107 1483 hydropicus:
1130 1437 1172 1469 et
1191 1429 1235 1469 ni

327 1494 476 1536 Posces
497 1503 593 1537 ante
612 1495 720 1536 diem
741 1495 890 1536 librum
909 1509 1002 1536 cum
1019 1495 1190 1547 lumine,
1209 1495 1244 1536 si
1264 1511 1347 1537 non

329 1562 527 1604 Intendes
543 1563 723 1604 animum
742 1563 889 1604 studiis
911 1571 951 1605 et
970 1564 1092 1605 rebus
1112 1563 1317 1611 honestis;

328 1629 496 1672 Invidia
515 1631 582 1672 vel
602 1646 738 1673 amore
751 1630 853 1686 vigil
874 1632 1124 1687 torquebere.
1186 1631 1294 1672 Nam
1314 1645 1386 1672 cur

327 1697 431 1747 Quae
450 1699 609 1740 laedunt
629 1699 808 1749 oculum,
824 1698 992 1740 festinas
1013 1699 1199 1748 demere;
1230 1699 1367 1755 siquid

325 1766 406 1808 Est
419 1765 616 1817 animum,
633 1766 771 1808 differs
792 1767 962 1808 curandi
984 1775 1145 1822 tempus
1158 1767 1202 1808 in
1222 1770 1403 1808 annum?

325 1832 560 1874 Dimidium
579 1834 693 1884 facti,
715 1834 787 1890 qui
807 1834 948 1889 coepit,
970 1834 1117 1876 habet:
1141 1850 1282 1891 sapere
1302 1836 1429 1883 aude;

326 1901 491 1955 Incipe:
514 1901 682 1943 vivendi
702 1911 812 1943 recte
834 1902 904 1956 qui
928 1911 1122 1957 prorogat
1144 1903 1301 1954 horam,

323 1969 524 2010 Rusticus
544 1976 754 2023 exspectat
774 1969 872 2009 dum
894 1969 1048 2010 defluat
1071 1971 1228 2018 amnis;
1262 1979 1305 2011 at
1325 1970 1398 2012 ille

324 2036 516 2087 Labitur,
539 2044 579 2078 et
599 2036 763 2078 labetur
783 2036 825 2077 in
847 2051 966 2078 omne
980 2036 1173 2078 volubilis
1195 2052 1343 2078 aevum.

322 2104 533 2154 Quaeritur
553 2112 782 2158 argentum,
796 2104 1014 2159 puerisque
1034 2105 1153 2145 beata
1173 2105 1356 2147 creandis

320 2173 454 2223 Uxor,
476 2180 517 2214 et
535 2172 705 2213 incultae
726 2179 924 2226 pacantur
943 2186 1107 2213 vomere
1128 2171 1257 2214 silvae.

321 2241 443 2291 Quod
465 2239 564 2281 satis
585 2248 647 2281 est
667 2239 733 2281 cui
754 2239 970 2294 contingit,
992 2239 1096 2281 nihil
1119 2240 1294 2295 amplius
1315 2249 1442 2295 optet.

320 2309 416 2349 Non
437 2308 583 2349 domus
604 2316 645 2349 et
662 2307 834 2359 fundus,
849 2323 932 2348 non
954 2308 1048 2349 aeris
1069 2323 1239 2350 acervus
1261 2316 1302 2349 et
1322 2308 1411 2350 auri

319 2377 498 2430 AEgroto
518 2375 673 2417 domini
694 2376 866 2417 deduxit
887 2391 1054 2431 corpore
1073 2376 1220 2425 febres,

319 2445 415 2486 Non
438 2443 573 2485 animo
594 2459 723 2485 curas.
784 2444 932 2485 Valeat
952 2458 1157 2499 possessor
1176 2451 1350 2498 oportet,

320 2512 365 2555 Si
386 2511 647 2566 comportatis
667 2512 787 2552 rebus
807 2511 910 2552 bene
931 2512 1084 2566 cogitat
1103 2510 1178 2551 uti.

319 2579 402 2630 Qui
423 2573 536 2634 cupit
556 2586 628 2619 aut
647 2578 808 2629 metuit,
816 2579 938 2633 juvat
958 2578 1074 2620 illum
1093 2578 1150 2619 sic
1171 2578 1331 2630 domus,
1352 2586 1393 2620 et
1408 2593 1485 2629 res,

316 2650 361 2691 U
363 2656 382 2690 ‘t
401 2648 560 2703 lippum
581 2646 704 2702 pictae
726 2645 894 2696 tabulae,
910 2646 1092 2687 fomenta
1105 2647 1343 2701 podagram,

317 2716 539 2759 Auriculas
560 2714 729 2756 citharae
750 2713 920 2755 collecta
940 2714 1057 2756 sorde
1077 2714 1272 2756 dolentes.

318 2786 531 2828 Sincerum
552 2790 613 2825 est
634 2782 713 2825 nisi
734 2796 827 2830 vas;
861 2783 1146 2837 quodcumque
1166 2782 1366 2834 infundis,
1389 2783 1550 2826 acescit.

1543 827 1654 868 *25

1581 2514 1638 2553 50
