1962 3268
668 307 919 336 camimum
956 308 1040 335 mn.
1074 307 1145 335 111.
1180 295 1245 336 18.

354 410 540 450 Auctore
561 408 612 449 ab
633 407 704 448 illo
726 407 841 449 ducit
862 407 1101 462 originem‚)

351 476 435 527 Qui
456 467 710 517 Formiarum
732 474 886 515 moenia
903 473 1058 516 dicitur
1102 514 1106 519 ⁴

409 542 625 597 Princeps,
646 549 689 583 et
707 541 921 582 innantem
938 540 1114 583 Maricae

466 610 699 652 Littoribus
720 609 902 651 tenuisse
923 608 1059 650 Lirim

351 680 458 721 Late
474 687 688 733 tyrannus,
710 691 798 719 cras
817 676 928 718 foliis
949 690 1095 718 nemus

333 746 505 788 ,Multis
525 753 567 788 et
587 745 682 801 alga
700 744 820 786 littus
839 743 980 787 inutili

408 812 601 855 Demissa
622 820 843 867 tempestas
864 812 916 854 ab
936 813 1055 854 Euro

468 881 648 941 Sternet,
669 894 787 936 aquae
807 879 888 921 nisi
907 879 1016 921 fallit
1036 894 1169 934 augur

353 949 528 989 Annosa
546 947 702 989 cornix.
762 947 877 988 Dum
894 943 1023 1001 potis,
1041 947 1205 1006 aridum

294 1011 301 1016 “
353 1017 568 1070 Compone
587 1015 770 1069 lignum:
803 1029 892 1056 cras
911 1014 1080 1069 genium
1104 1029 1215 1056 mero

410 1082 602 1133 Curabis‚
619 1091 661 1124 et
681 1096 804 1137 porco
824 1081 1024 1133 bimestri,

469 1152 577 1193 Cum
599 1150 765 1192 famulis
785 1164 953 1205 operum
977 1149 1134 1192 solutis.

625 1383 754 1424 ODE
786 1381 968 1424 XVIII.
1034 1381 1104 1432 (M.
1138 1375 1293 1437 x'viu.)

805 1510 867 1537 AD
901 1508 1112 1538 FAUNUM.

356 1609 541 1658 FAunn,
557 1609 849 1665 Nympharum
869 1608 1104 1664 fugientum
1127 1619 1298 1660 amator,

357 1677 440 1718 Per
459 1690 572 1718 meos
587 1677 689 1720 fines
711 1686 753 1720 et
773 1677 912 1734 aprica
933 1691 1030 1719 rura

356 1743 486 1788 Lenis
505 1743 686 1797 incedas,
707 1747 909 1801 abeasque
927 1745 1066 1800 parvis

528 1813 697 1868 AEquus'
716 1814 917 1855 alumnis:

356 1878 401 1920 Si
424 1887 539 1921 tener
557 1879 682 1935 pleno
702 1881 815 1923 cadit
833 1880 985 1922 hoedus
1005 1895 1129 1930 anno,

357 1947 498 2002 Larga
517 1961 594 1988 nee
613 1948 764 1989 desunt
786 1947 958 1989 Veneris
978 1948 1109 1990 sodali

357 2014 465 2056 Vina
485 2023 682 2063 craterae;
716 2024 836 2057 vetus
857 2030 928 2057 ara
947 2015 1080 2058 multo

527 2082 680 2124 Fumat
699 2082 836 2124 odore.

355 2148 493 2190 Ludit
512 2148 689 2191 herboso
710 2164 836 2203 pecus
857 2163 978 2191 omne
998 2164 1158 2204 campo,

290 2248 293 2253 .
358 2217 468 2256 Cum
490 2215 566 2256 tibi
588 2216 627 2256 N
632 2230 723 2256 onae
745 2217 922 2258 redeunt
943 2218 1196 2259 Decembres
1215 2234 1222 2258 :

359 2281 511 2322 Festus
531 2280 574 2322 in
595 2282 723 2335 pratis
745 2291 864 2325 vacat
884 2283 1016 2326 otioso

533 2349 640 2391 Cum
663 2350 767 2392 bove
787 2365 936 2406 pagus:

362 2417 479 2458 Inter
499 2417 675 2459 audaces
696 2418 820 2473 lupus
840 2429 950 2462 errat
969 2435 1117 2475 agnos:

361 2483 529 2539 Spargit
548 2494 729 2540 agrestes
751 2485 825 2528 tibi
848 2486 951 2529 silva
970 2486 1160 2530 frondes:

359 2551 532 2594 Gaudet
552 2551 726 2594 invisam
750 2553 958 2608 pepulisse
977 2555 1108 2598 fossor

536 2619 626 2662 Ter
645 2620 750 2675 pede
772 2630 934 2663 terram.

1538 296 1621 338 155

1573 749 1627 789 10

1571 1088 1622 1127 15

1582 2224 1632 2263 10

1578 2562 1631 2602 15
