1962 3268
656 325 934 355 cummim
967 325 1057 353 mn.
1090 325 1149 353 ιν.
1185 311 1253 352 12.

335 429 454 482 (Non
476 430 586 474 enim
605 428 779 486 posthac
799 428 881 471 alia
901 429 1043 471 calebo

333 499 559 554 Foemina‚)
580 492 772 540 condisce
791 496 935 539 modos
954 497 1132 539 amanda

334 569 448 611 Voce
466 582 570 624 quos
588 566 737 609 reddas
754 581 764 607 :
796 564 1043 607 minuuntur
1062 574 1163 607 atrae

447 635 643 680 Carmine
663 648 786 677 curae.

669 865 797 907 ODE
830 864 945 907 XII.
1010 863 1083 916 (M.
1104 868 1220 920 xv1.)

763 992 826 1020 Al)
858 991 1124 1021 VIRGILIUM·

315 1106 435 1147 um
457 1103 564 1163 veris
583 1102 768 1155 comites,
789 1116 883 1158 quae
903 1116 1015 1145 mare
1037 1112 1281 1159 temperant.

333 1172 564 1229 Impellunt
583 1170 734 1213 animae
754 1169 884 1212 lintea
906 1170 1128 1214 Thraciae:

331 1242 362 1283 J
364 1255 430 1284 am
450 1254 527 1282 nec
546 1246 665 1295 prata
684 1237 836 1294 rigent,
858 1252 935 1281 nec
956 1238 1075 1282 fluvii
1096 1248 1286 1297 strepunt

447 1306 639 1349 Hiberna
658 1305 755 1348 nive
774 1306 943 1362 turgidi.

331 1374 492 1418 Nidum
511 1374 645 1430 ponit,
669 1375 773 1430 Ityn
793 1373 987 1417 flebiliter
1006 1390 1191 1432 gemens,

329 1442 486 1486 Infelix
505 1443 608 1494 avis,
624 1451 667 1484 et
687 1443 901 1498 Cecropiae
921 1444 1068 1487 domus

328 1512 548 1555 AEternum
568 1510 849 1567 opprobrium,
871 1512 983 1566 quod
1001 1512 1109 1555 male
1129 1513 1323 1556 barbaras

444 1580 613 1635 Regum
634 1587 697 1621 est
715 1579 806 1622 ulta
825 1579 1034 1622 libidines.

328 1648 490 1691 Dicunt
509 1647 555 1688 in
575 1655 716 1689 tenero
736 1647 922 1703 gramine
941 1638 1161 1705 pinguium

329 1713 535 1757 Custodes
555 1713 696 1755 ovium
717 1713 898 1756 carmina
918 1713 1072 1764 fistula,

327 1782 551 1824 Delectant
570 1796 651 1837 que
671 1782 828 1833 Deum,
850 1782 918 1824 cui
938 1796 1065 1838 pecus
1085 1790 1127 1824 et
1146 1783 1257 1838 nigri

446 1849 586 1892 Colles
607 1849 806 1891 Arcadiae
821 1849 999 1906 placent.

329 1918 558 1961 Adduxere
579 1918 690 1960 sitim
711 1927 913 1973 tempora,
935 1918 1111 1974 Virgili:

330 1986 414 2028 Sed
431 2000 618 2042 pressum
641 1986 813 2028 Calibus
835 1987 987 2029 ducere
1008 1986 1210 2029 Liberum

329 2054 374 2097 Si
394 2053 537 2110 gestis,
550 2053 755 2111 juvenum
776 2053 977 2096 nobilium
999 2053 1143 2107 cliens,

441 2122 586 2164 Nardo
605 2122 704 2163 vina
723 2121 958 2164 mereberis.

326 2191 368 2232 N
372 2189 461 2232 ardi
480 2204 632 2245 parvus
652 2203 764 2243 onyx
783 2188 920 2230 eliciet
940 2191 1104 2243 cadum,

326 2257 410 2309 Qui
429 2270 543 2298 nunc
565 2255 762 2311 Sulpiciis
782 2256 956 2299 accubat
980 2257 1153 2310 horreis,

329 2327 432 2381 Spes
452 2325 606 2367 donare
626 2338 755 2366 novas
774 2323 930 2380 largus,
951 2340 1172 2383 amaraque

442 2394 646 2435 Curatum
667 2392 804 2434 eluere
822 2391 969 2436 efficax
986 2411 998 2443 ;

325 2462 400 2504 Ad
419 2476 513 2518 quae
534 2461 570 2504 si
590 2475 786 2517 properas
806 2461 976 2516 gaudia,
997 2476 1092 2504 cum
1114 2470 1186 2504 tua

325 2530 459 2572 Velox
478 2545 612 2572 merce
634 2529 754 2572 veni:
788 2544 873 2572 non
894 2545 971 2586 ego
992 2538 1033 2573 te
1054 2531 1156 2573 meis

327 2600 563 2642 Immunem
584 2598 763 2641 meditor
782 2598 972 2654 tinguere
992 2599 1168 2655 poculis,

439 2667 572 2710 Plena
591 2667 707 2710 dives
728 2675 776 2709 ut
795 2667 839 2709 in
863 2668 999 2710 domo.

325 2737 478 2778 Verum
500 2751 607 2792 pone
625 2750 774 2788 moras,
795 2745 837 2779 et
857 2736 1043 2779 studium
1064 2736 1197 2788 lucri3

326 2801 632 2857 Nigrorumque
653 2817 823 2852 memor,
845 2804 945 2845 dum
962 2803 1074 2855 licet,
1096 2803 1272 2858 ignium,

1525 308 1612 364 217

1554 1718 1610 1759 10

1553 2062 1607 2103 15

1549 2402 1607 2442 20

1547 2742 1602 2782 25
