1962 3268
648 357 900 387 cuminum
933 356 1021 384 mn.
1055 357 1117 384 lv.
1148 344 1217 384 14.

630 516 758 558 ODE
791 515 920 557 XIV.
989 516 1055 567 (M.
1077 517 1194 569 xlx.)

737 635 799 662 AD
831 635 1093 664 AUGUSTUM.

306 729 411 778 Qum
433 739 532 768 cura
550 733 731 781 patrum,
752 740 900 782 quaeve
921 727 1166 779 Quiritium,

307 793 451 837 Plenis
471 793 673 836 honorum
695 794 935 836 muneribus
955 802 1063 846 tuas,

363 865 575 919 Auguste,
596 862 770 905 virtutes
788 862 833 905 in
853 877 990 905 aevum

423 933 507 974 Per
528 931 671 973 titulos
691 946 972 987 memoresque
991 930 1119 973 fastos

309 1002 537 1043 AEternet?
570 1001 608 1042 O
629 1015 711 1055 qua
732 1000 793 1042 sol
812 999 1060 1042 habitabiles

311 1068 503 1111 Illustrat
523 1084 629 1120 oras,
650 1068 828 1111 maxime
848 1068 1098 1124 principum,

372 1138 507 1189 Quem
527 1136 632 1192 legis
653 1144 840 1191 expertes
862 1135 1032 1178 Latinae

427 1205 635 1247 Vindelici
656 1204 838 1247 didicere
858 1219 992 1261 nuper

314 1274 428 1328 Quid
449 1272 591 1317 Marte
610 1288 750 1329 posses
767 1290 776 1315 ε
810 1273 943 1315 milite
962 1287 1060 1315 nam
1081 1280 1152 1314 tuo

314 1345 479 1386 Drusus
501 1343 743 1394 Genaunes,
765 1342 1034 1397 implacidum
1054 1356 1201 1397 genuS,

373 1411 637 1467 Brencosque
657 1411 833 1461 veloces,
855 1419 897 1452 et
917 1425 1030 1452 arces

434 1479 619 1534 Alpibus
637 1478 851 1533 impositas
872 1479 1095 1520 tremendis

317 1547 485 1604 Dejecit
505 1562 597 1589 acer
616 1547 711 1602 plus
731 1546 820 1588 vice
841 1545 1032 1602 simplici.

317 1617 459 1672 Major
478 1616 693 1658 Neronum
715 1630 812 1658 mox
830 1631 957 1672 grave
977 1615 1170 1671 proelium

377 1683 611 1734 Commisit,
632 1683 912 1740 immanesque
932 1684 1109 1726 Rhaetos

435 1752 651 1808 Auspiciis
670 1753 832 1808 pepulit
852 1754 1067 1802 secundis3

322 1822 580 1878 Spectandus
599 1821 644 1863 in
665 1821 888 1864 certamine
910 1822 1084 1874 Martio,

322 1892 488 1933 Devota
506 1890 629 1932 morti
650 1898 816 1945 pectora
838 1890 980 1932 liberae

380 1957 558 2010 Quantis
577 1957 770 2013 fatigaret
790 1958 946 2000 ruinis:

442 2025 676 2068 Indomitas
690 2040 818 2081 prope
838 2027 971 2082 qualis
993 2029 1125 2070 undas

322 2096 504 2137 Exercet
523 2095 697 2145 Auster,
719 2093 941 2137 Pleiadum
963 2095 1087 2138 choro

325 2162 549 2205 Scindente
568 2162 715 2212 nubes,
737 2161 912 2217 impiger
928 2162 1111 2204 hostium

382 2230 544 2271 vexare
564 2237 734 2278 turmas,
757 2237 798 2270 et
816 2228 1059 2272 frementem

442 2295 616 2337 Mittere
637 2310 787 2352 equum
809 2296 965 2338 medios
985 2312 1058 2352 per
1077 2299 1207 2354 ignes,

330 2364 398 2407 Sic
419 2363 668 2406 tauriformis
690 2364 871 2407 volvitur
891 2366 1084 2419 Aufidus,

329 2433 412 2486 Qui
432 2447 560 2488 regna
580 2432 723 2474 Dauni
743 2432 923 2487 praefluit
943 2435 1122 2491 Appuli,

388 2503 494 2544 Cum
517 2501 651 2552 saevit‚
671 2501 998 2559 horrendamque
1019 2504 1142 2546 cultis

446 2569 662 2611 Diluviem
684 2570 907 2612 meditatur
927 2571 1036 2626 agris
1054 2587 1063 2612 :

334 2641 398 2682 Ut
415 2639 678 2681 barbarorum
703 2639 905 2681 Claudius
921 2640 1087 2696 agmina

335 2709 506 2750 Feri-ata
524 2714 641 2749 vasto
661 2707 790 2749 diruit
810 2708 995 2764 impetu;

392 2775 635 2830 Primosque
655 2784 697 2817 et
716 2784 918 2819 extremos
938 2778 1145 2829 metendo,

452 2842 608 2884 Stravit
627 2842 816 2894 humum,
837 2845 925 2887 sine
945 2845 1061 2887 clade
1082 2845 1227 2894 victor,

1560 1000 1586 1039 ΕΠ

1534 1344 1589 1381 10

1544 2030 1600 2069 ‘20

1550 2711 1607 2748 3⁰
