<?xml version="1.0" encoding="UTF-8"?>
<!DOCTYPE html PUBLIC "-//W3C//DTD XHTML 1.0 Transitional//EN"
    "http://www.w3.org/TR/xhtml1/DTD/xhtml1-transitional.dtd">
<html xmlns="http://www.w3.org/1999/xhtml" xml:lang="en" lang="en">
 <head>
  <title>
</title>
<meta http-equiv="Content-Type" content="text/html;charset=utf-8" />
  <meta name='ocr-system' content='tesseract 3.04.00' />
  <meta name='ocr-capabilities' content='ocr_page ocr_carea ocr_par ocr_line ocrx_word'/>
</head>
<body>
  <div class='ocr_page' id='page_1' title='image "./horatiusrestitut00horauoft_0409.png"; bbox 0 0 1962 3268; ppageno 0'>
   <div class='ocr_carea' id='block_1_1' title="bbox 0 0 242 1997">
    <p class='ocr_par' dir='ltr' id='par_1_1' title="bbox 0 0 242 1997">
     <span class='ocr_line' id='line_1_1' title="bbox 0 0 242 1997; baseline 0 0"><span class='ocrx_word' id='word_1_1' title='bbox 0 0 242 1997; x_wconf 95' lang='lat' dir='ltr'> </span> 
     </span>
    </p>
   </div>
   <div class='ocr_carea' id='block_1_2' title="bbox 0 2511 38 2955">
    <p class='ocr_par' dir='ltr' id='par_1_2' title="bbox 0 2511 38 2955">
     <span class='ocr_line' id='line_1_2' title="bbox 0 2511 38 2955; baseline 0 313"><span class='ocrx_word' id='word_1_2' title='bbox 0 2511 38 2955; x_wconf 95' lang='lat' dir='ltr'> </span> 
     </span>
    </p>
   </div>
   <div class='ocr_carea' id='block_1_3' title="bbox 665 315 1623 372">
    <p class='ocr_par' dir='ltr' id='par_1_3' title="bbox 665 315 1623 372">
     <span class='ocr_line' id='line_1_3' title="bbox 665 315 1623 372; baseline 0.004 -15"><span class='ocrx_word' id='word_1_3' title='bbox 665 329 988 360; x_wconf 73' lang='lat' dir='ltr'>ErlsroLAanM</span> <span class='ocrx_word' id='word_1_4' title='bbox 1021 332 1112 360; x_wconf 75' lang='lat' dir='ltr'>Lm.</span> <span class='ocrx_word' id='word_1_5' title='bbox 1144 333 1175 361; x_wconf 90' lang='lat'>1.</span> <span class='ocrx_word' id='word_1_6' title='bbox 1206 317 1246 361; x_wconf 88' lang='lat'>6.</span> <span class='ocrx_word' id='word_1_7' title='bbox 1537 315 1623 372; x_wconf 84' lang='lat'>177</span> 
     </span>
    </p>
   </div>
   <div class='ocr_carea' id='block_1_4' title="bbox 276 425 1620 2924">
    <p class='ocr_par' dir='ltr' id='par_1_4' title="bbox 276 425 1620 2871">
     <span class='ocr_line' id='line_1_4' title="bbox 287 425 1250 490; baseline 0.004 -20"><span class='ocrx_word' id='word_1_8' title='bbox 287 425 375 470; x_wconf 86' lang='lat' dir='ltr'>Hic</span> <span class='ocrx_word' id='word_1_9' title='bbox 394 429 472 472; x_wconf 89' lang='lat' dir='ltr'>tibi</span> <span class='ocrx_word' id='word_1_10' title='bbox 492 430 546 473; x_wconf 89' lang='lat' dir='ltr'>sit</span> <span class='ocrx_word' id='word_1_11' title='bbox 565 431 719 487; x_wconf 76' lang='lat' dir='ltr'>potius,</span> <span class='ocrx_word' id='word_1_12' title='bbox 739 449 863 490; x_wconf 87' lang='lat' dir='ltr'>quam</span> <span class='ocrx_word' id='word_1_13' title='bbox 886 440 931 474; x_wconf 91' lang='lat' dir='ltr'>tu</span> <span class='ocrx_word' id='word_1_14' title='bbox 952 432 1152 475; x_wconf 89' lang='lat' dir='ltr'>mirabilis</span> <span class='ocrx_word' id='word_1_15' title='bbox 1173 433 1250 475; x_wconf 91' lang='lat' dir='ltr'>illi.</span> 
     </span>
     <span class='ocr_line' id='line_1_5' title="bbox 284 497 1426 555; baseline 0.003 -16"><span class='ocrx_word' id='word_1_16' title='bbox 284 497 495 555; x_wconf 78' lang='lat' dir='ltr'>Quicquid</span> <span class='ocrx_word' id='word_1_17' title='bbox 516 499 594 541; x_wconf 86' lang='lat' dir='ltr'>sub</span> <span class='ocrx_word' id='word_1_18' title='bbox 613 506 720 542; x_wconf 88' lang='lat' dir='ltr'>terra</span> <span class='ocrx_word' id='word_1_19' title='bbox 741 509 817 551; x_wconf 88' lang='lat' dir='ltr'>est,</span> <span class='ocrx_word' id='word_1_20' title='bbox 837 500 881 541; x_wconf 90' lang='lat' dir='ltr'>in</span> <span class='ocrx_word' id='word_1_21' title='bbox 902 499 1085 554; x_wconf 87' lang='lat' dir='ltr'>apricum</span> <span class='ocrx_word' id='word_1_22' title='bbox 1109 501 1289 555; x_wconf 85' lang='lat' dir='ltr'>proferet</span> <span class='ocrx_word' id='word_1_23' title='bbox 1309 508 1426 551; x_wconf 85' lang='lat' dir='ltr'>aetas,</span> 
     </span>
     <span class='ocr_line' id='line_1_6' title="bbox 285 564 1620 623; baseline 0.002 -16"><span class='ocrx_word' id='word_1_24' title='bbox 285 565 484 608; x_wconf 68' lang='lat' dir='ltr'>Deibdiet</span> <span class='ocrx_word' id='word_1_25' title='bbox 503 567 732 623; x_wconf 88' lang='lat' dir='ltr'>condetque</span> <span class='ocrx_word' id='word_1_26' title='bbox 751 566 941 608; x_wconf 85' lang='lat' dir='ltr'>nitentia.</span> <span class='ocrx_word' id='word_1_27' title='bbox 1004 564 1110 607; x_wconf 90' lang='lat' dir='ltr'>Cum</span> <span class='ocrx_word' id='word_1_28' title='bbox 1133 568 1237 610; x_wconf 90' lang='lat' dir='ltr'>bene</span> <span class='ocrx_word' id='word_1_29' title='bbox 1258 577 1402 610; x_wconf 74' lang='lat' dir='ltr'>notum</span> <span class='ocrx_word' id='word_1_30' title='bbox 1563 569 1620 610; x_wconf 80' lang='lat'>25</span> 
     </span>
     <span class='ocr_line' id='line_1_7' title="bbox 283 634 1361 691; baseline 0 -15"><span class='ocrx_word' id='word_1_31' title='bbox 283 634 478 677; x_wconf 85' lang='lat' dir='ltr'><strong>Porticus</strong></span> <span class='ocrx_word' id='word_1_32' title='bbox 498 635 713 691; x_wconf 81' lang='lat' dir='ltr'>Agrippae,</span> <span class='ocrx_word' id='word_1_33' title='bbox 734 643 776 677; x_wconf 91' lang='lat' dir='ltr'>et</span> <span class='ocrx_word' id='word_1_34' title='bbox 796 635 864 676; x_wconf 86' lang='lat' dir='ltr'>via</span> <span class='ocrx_word' id='word_1_35' title='bbox 885 642 926 676; x_wconf 86' lang='lat' dir='ltr'>te</span> <span class='ocrx_word' id='word_1_36' title='bbox 946 635 1205 690; x_wconf 85' lang='lat' dir='ltr'><strong>conspexerit</strong></span> <span class='ocrx_word' id='word_1_37' title='bbox 1226 635 1361 691; x_wconf 79' lang='lat' dir='ltr'>Appi,</span> 
     </span>
     <span class='ocr_line' id='line_1_8' title="bbox 284 702 1358 759; baseline 0.001 -15"><span class='ocrx_word' id='word_1_38' title='bbox 284 702 356 744; x_wconf 82' lang='lat' dir='ltr'>Ire</span> <span class='ocrx_word' id='word_1_39' title='bbox 376 710 512 745; x_wconf 86' lang='lat' dir='ltr'>tamen</span> <span class='ocrx_word' id='word_1_40' title='bbox 531 711 660 745; x_wconf 90' lang='lat' dir='ltr'>restat</span> <span class='ocrx_word' id='word_1_41' title='bbox 680 704 823 745; x_wconf 85' lang='lat' dir='ltr'><strong>Numa</strong></span> <span class='ocrx_word' id='word_1_42' title='bbox 843 717 926 759; x_wconf 89' lang='lat' dir='ltr'>quo</span> <span class='ocrx_word' id='word_1_43' title='bbox 942 703 1111 744; x_wconf 88' lang='lat' dir='ltr'>devenit</span> <span class='ocrx_word' id='word_1_44' title='bbox 1132 711 1174 745; x_wconf 94' lang='lat' dir='ltr'>et</span> <span class='ocrx_word' id='word_1_45' title='bbox 1195 704 1358 755; x_wconf 90' lang='lat' dir='ltr'>Ancus,</span> 
     </span>
     <span class='ocr_line' id='line_1_9' title="bbox 284 769 1241 828; baseline 0.001 -17"><span class='ocrx_word' id='word_1_46' title='bbox 284 769 331 828; x_wconf 62' lang='lat' dir='ltr'>Si</span> <span class='ocrx_word' id='word_1_47' title='bbox 348 769 458 812; x_wconf 78' lang='lat' dir='ltr'>latus</span> <span class='ocrx_word' id='word_1_48' title='bbox 478 779 551 813; x_wconf 86' lang='lat' dir='ltr'>aut</span> <span class='ocrx_word' id='word_1_49' title='bbox 570 785 689 813; x_wconf 89' lang='lat' dir='ltr'>renes</span> <span class='ocrx_word' id='word_1_50' title='bbox 709 772 851 813; x_wconf 91' lang='lat' dir='ltr'>morbo</span> <span class='ocrx_word' id='word_1_51' title='bbox 872 779 1086 812; x_wconf 86' lang='lat' dir='ltr'>tentantur</span> <span class='ocrx_word' id='word_1_52' title='bbox 1105 778 1241 822; x_wconf 86' lang='lat' dir='ltr'>acuto,</span> 
     </span>
     <span class='ocr_line' id='line_1_10' title="bbox 281 837 1488 896; baseline 0.002 -17"><span class='ocrx_word' id='word_1_53' title='bbox 281 837 433 889; x_wconf 81' lang='lat' dir='ltr'>Quaere</span> <span class='ocrx_word' id='word_1_54' title='bbox 451 838 593 895; x_wconf 88' lang='lat' dir='ltr'>fugam</span> <span class='ocrx_word' id='word_1_55' title='bbox 614 839 760 881; x_wconf 80' lang='lat' dir='ltr'><strong>morbi.</strong></span> <span class='ocrx_word' id='word_1_56' title='bbox 820 839 895 881; x_wconf 93' lang='lat' dir='ltr'>Vis</span> <span class='ocrx_word' id='word_1_57' title='bbox 914 847 1026 881; x_wconf 90' lang='lat' dir='ltr'>recte</span> <span class='ocrx_word' id='word_1_58' title='bbox 1047 839 1220 881; x_wconf 85' lang='lat' dir='ltr'>vivere?</span> <span class='ocrx_word' id='word_1_59' title='bbox 1257 839 1350 896; x_wconf 87' lang='lat' dir='ltr'>quis</span> <span class='ocrx_word' id='word_1_60' title='bbox 1370 854 1453 881; x_wconf 90' lang='lat' dir='ltr'>non</span> <span class='ocrx_word' id='word_1_61' title='bbox 1470 842 1488 881; x_wconf 89' lang='lat'>?</span> 
     </span>
     <span class='ocr_line' id='line_1_11' title="bbox 281 905 1620 963; baseline 0.001 -15"><span class='ocrx_word' id='word_1_62' title='bbox 281 905 328 948; x_wconf 89' lang='lat' dir='ltr'>Si</span> <span class='ocrx_word' id='word_1_63' title='bbox 342 906 475 948; x_wconf 83' lang='lat' dir='ltr'>virtus</span> <span class='ocrx_word' id='word_1_64' title='bbox 494 907 573 949; x_wconf 91' lang='lat' dir='ltr'>hoc</span> <span class='ocrx_word' id='word_1_65' title='bbox 594 922 676 949; x_wconf 92' lang='lat' dir='ltr'>una</span> <span class='ocrx_word' id='word_1_66' title='bbox 695 916 830 963; x_wconf 90' lang='lat' dir='ltr'>potest</span> <span class='ocrx_word' id='word_1_67' title='bbox 851 908 964 958; x_wconf 83' lang='lat' dir='ltr'>dare,</span> <span class='ocrx_word' id='word_1_68' title='bbox 986 907 1103 948; x_wconf 84' lang='lat' dir='ltr'>fortis</span> <span class='ocrx_word' id='word_1_69' title='bbox 1123 907 1285 949; x_wconf 89' lang='lat' dir='ltr'>omissis</span> <span class='ocrx_word' id='word_1_70' title='bbox 1562 909 1620 950; x_wconf 92' lang='lat'>30</span> 
     </span>
     <span class='ocr_line' id='line_1_12' title="bbox 281 974 1314 1030; baseline 0.001 -14"><span class='ocrx_word' id='word_1_71' title='bbox 281 974 380 1016; x_wconf 88' lang='lat' dir='ltr'>Hoc</span> <span class='ocrx_word' id='word_1_72' title='bbox 399 989 477 1030; x_wconf 88' lang='lat' dir='ltr'>age</span> <span class='ocrx_word' id='word_1_73' title='bbox 497 975 670 1017; x_wconf 88' lang='lat' dir='ltr'>deliciis.</span> <span class='ocrx_word' id='word_1_74' title='bbox 732 975 940 1018; x_wconf 88' lang='lat' dir='ltr'>Virtutem</span> <span class='ocrx_word' id='word_1_75' title='bbox 962 975 1087 1017; x_wconf 89' lang='lat' dir='ltr'>verba</span> <span class='ocrx_word' id='word_1_76' title='bbox 1107 983 1244 1030; x_wconf 90' lang='lat' dir='ltr'>putes,</span> <span class='ocrx_word' id='word_1_77' title='bbox 1266 983 1314 1017; x_wconf 89' lang='lat' dir='ltr'>ut</span> 
     </span>
     <span class='ocr_line' id='line_1_13' title="bbox 280 1041 1325 1100; baseline 0 -16"><span class='ocrx_word' id='word_1_78' title='bbox 280 1041 448 1085; x_wconf 90' lang='lat' dir='ltr'>Lucum</span> <span class='ocrx_word' id='word_1_79' title='bbox 468 1043 615 1099; x_wconf 85' lang='lat' dir='ltr'>ligna?</span> <span class='ocrx_word' id='word_1_80' title='bbox 647 1059 747 1086; x_wconf 89' lang='lat' dir='ltr'>cave</span> <span class='ocrx_word' id='word_1_81' title='bbox 767 1059 819 1086; x_wconf 92' lang='lat' dir='ltr'>ne</span> <span class='ocrx_word' id='word_1_82' title='bbox 841 1052 984 1100; x_wconf 90' lang='lat' dir='ltr'>portus</span> <span class='ocrx_word' id='word_1_83' title='bbox 1006 1052 1178 1099; x_wconf 90' lang='lat' dir='ltr'>occupet</span> <span class='ocrx_word' id='word_1_84' title='bbox 1198 1043 1325 1093; x_wconf 65' lang='lat' dir='ltr'>alten</span> 
     </span>
     <span class='ocr_line' id='line_1_14' title="bbox 280 1110 1276 1168; baseline 0.001 -16"><span class='ocrx_word' id='word_1_85' title='bbox 280 1111 349 1153; x_wconf 91' lang='lat' dir='ltr'>Ne</span> <span class='ocrx_word' id='word_1_86' title='bbox 371 1110 624 1167; x_wconf 82' lang='lat' dir='ltr'>Cibyratica,</span> <span class='ocrx_word' id='word_1_87' title='bbox 646 1126 699 1154; x_wconf 91' lang='lat' dir='ltr'>ne</span> <span class='ocrx_word' id='word_1_88' title='bbox 720 1112 909 1168; x_wconf 87' lang='lat' dir='ltr'>Bithyna</span> <span class='ocrx_word' id='word_1_89' title='bbox 928 1112 1095 1167; x_wconf 88' lang='lat' dir='ltr'>negotia</span> <span class='ocrx_word' id='word_1_90' title='bbox 1114 1113 1276 1167; x_wconf 86' lang='lat' dir='ltr'>perdas.</span> 
     </span>
     <span class='ocr_line' id='line_1_15' title="bbox 280 1179 1454 1235; baseline -0.001 -14"><span class='ocrx_word' id='word_1_91' title='bbox 280 1179 406 1222; x_wconf 87' lang='lat' dir='ltr'>Mille</span> <span class='ocrx_word' id='word_1_92' title='bbox 426 1180 582 1223; x_wconf 87' lang='lat' dir='ltr'>talenta</span> <span class='ocrx_word' id='word_1_93' title='bbox 601 1181 890 1232; x_wconf 87' lang='lat' dir='ltr'>rotundentur‚</span> <span class='ocrx_word' id='word_1_94' title='bbox 911 1180 1084 1222; x_wconf 87' lang='lat' dir='ltr'>totidem</span> <span class='ocrx_word' id='word_1_95' title='bbox 1106 1180 1250 1230; x_wconf 88' lang='lat' dir='ltr'>altera,</span> <span class='ocrx_word' id='word_1_96' title='bbox 1272 1194 1392 1235; x_wconf 88' lang='lat' dir='ltr'>porro</span> <span class='ocrx_word' id='word_1_97' title='bbox 1413 1187 1454 1221; x_wconf 89' lang='lat' dir='ltr'>et</span> 
     </span>
     <span class='ocr_line' id='line_1_16' title="bbox 280 1248 1617 1305; baseline 0.001 -16"><span class='ocrx_word' id='word_1_98' title='bbox 280 1248 430 1290; x_wconf 86' lang='lat' dir='ltr'>Tertia</span> <span class='ocrx_word' id='word_1_99' title='bbox 449 1249 685 1301; x_wconf 84' lang='lat' dir='ltr'>succedant,</span> <span class='ocrx_word' id='word_1_100' title='bbox 706 1257 748 1291; x_wconf 92' lang='lat' dir='ltr'>et</span> <span class='ocrx_word' id='word_1_101' title='bbox 767 1264 861 1305; x_wconf 89' lang='lat' dir='ltr'>quae</span> <span class='ocrx_word' id='word_1_102' title='bbox 881 1264 976 1305; x_wconf 86' lang='lat' dir='ltr'>pars</span> <span class='ocrx_word' id='word_1_103' title='bbox 996 1249 1171 1305; x_wconf 88' lang='lat' dir='ltr'>quadret</span> <span class='ocrx_word' id='word_1_104' title='bbox 1192 1262 1398 1290; x_wconf 88' lang='lat' dir='ltr'>acervum.</span> <span class='ocrx_word' id='word_1_105' title='bbox 1560 1250 1617 1290; x_wconf 88' lang='lat'>35</span> 
     </span>
     <span class='ocr_line' id='line_1_17' title="bbox 280 1315 1384 1372; baseline -0.001 -14"><span class='ocrx_word' id='word_1_106' title='bbox 280 1315 449 1358; x_wconf 88' lang='lat' dir='ltr'>Scilicet</span> <span class='ocrx_word' id='word_1_107' title='bbox 467 1331 634 1358; x_wconf 86' lang='lat' dir='ltr'>uxorem</span> <span class='ocrx_word' id='word_1_108' title='bbox 657 1331 751 1358; x_wconf 90' lang='lat' dir='ltr'>cum</span> <span class='ocrx_word' id='word_1_109' title='bbox 773 1317 884 1368; x_wconf 86' lang='lat' dir='ltr'>dote,</span> <span class='ocrx_word' id='word_1_110' title='bbox 905 1317 1128 1372; x_wconf 86' lang='lat' dir='ltr'>fidemque,</span> <span class='ocrx_word' id='word_1_111' title='bbox 1151 1324 1192 1358; x_wconf 87' lang='lat' dir='ltr'>et</span> <span class='ocrx_word' id='word_1_112' title='bbox 1214 1315 1384 1368; x_wconf 88' lang='lat' dir='ltr'>amicos,</span> 
     </span>
     <span class='ocr_line' id='line_1_18' title="bbox 278 1382 1280 1440; baseline 0 -15"><span class='ocrx_word' id='word_1_113' title='bbox 278 1382 341 1425; x_wconf 89' lang='lat' dir='ltr'>Et</span> <span class='ocrx_word' id='word_1_114' title='bbox 358 1398 490 1439; x_wconf 90' lang='lat' dir='ltr'>genus</span> <span class='ocrx_word' id='word_1_115' title='bbox 510 1392 553 1426; x_wconf 85' lang='lat' dir='ltr'>et</span> <span class='ocrx_word' id='word_1_116' title='bbox 571 1384 744 1426; x_wconf 88' lang='lat' dir='ltr'>formam</span> <span class='ocrx_word' id='word_1_117' title='bbox 765 1385 910 1440; x_wconf 91' lang='lat' dir='ltr'>regina</span> <span class='ocrx_word' id='word_1_118' title='bbox 930 1385 1106 1440; x_wconf 87' lang='lat' dir='ltr'>pecunia</span> <span class='ocrx_word' id='word_1_119' title='bbox 1126 1385 1253 1426; x_wconf 87' lang='lat' dir='ltr'>donat</span> <span class='ocrx_word' id='word_1_120' title='bbox 1272 1399 1280 1424; x_wconf 92' lang='lat'>:</span> 
     </span>
     <span class='ocr_line' id='line_1_19' title="bbox 277 1451 1403 1508; baseline 0.001 -15"><span class='ocrx_word' id='word_1_121' title='bbox 277 1451 350 1494; x_wconf 87' lang='lat' dir='ltr'>Ac</span> <span class='ocrx_word' id='word_1_122' title='bbox 367 1451 473 1494; x_wconf 86' lang='lat' dir='ltr'>bene</span> <span class='ocrx_word' id='word_1_123' title='bbox 491 1461 751 1495; x_wconf 89' lang='lat' dir='ltr'>nummatum</span> <span class='ocrx_word' id='word_1_124' title='bbox 774 1454 940 1495; x_wconf 85' lang='lat' dir='ltr'>decorat</span> <span class='ocrx_word' id='word_1_125' title='bbox 964 1453 1144 1495; x_wconf 83' lang='lat' dir='ltr'>Suadela</span> <span class='ocrx_word' id='word_1_126' title='bbox 1165 1454 1403 1508; x_wconf 88' lang='lat' dir='ltr'>Venusque.</span> 
     </span>
     <span class='ocr_line' id='line_1_20' title="bbox 280 1520 1371 1576; baseline 0 -15"><span class='ocrx_word' id='word_1_127' title='bbox 280 1520 508 1575; x_wconf 88' lang='lat' dir='ltr'>Mancipiis</span> <span class='ocrx_word' id='word_1_128' title='bbox 521 1520 706 1576; x_wconf 88' lang='lat' dir='ltr'>locuples</span> <span class='ocrx_word' id='word_1_129' title='bbox 725 1530 820 1576; x_wconf 87' lang='lat' dir='ltr'>eget</span> <span class='ocrx_word' id='word_1_130' title='bbox 842 1521 936 1563; x_wconf 88' lang='lat' dir='ltr'>aeris</span> <span class='ocrx_word' id='word_1_131' title='bbox 957 1521 1253 1576; x_wconf 88' lang='lat' dir='ltr'>Cappadocum</span> <span class='ocrx_word' id='word_1_132' title='bbox 1275 1535 1371 1561; x_wconf 86' lang='lat' dir='ltr'>rex:</span> 
     </span>
     <span class='ocr_line' id='line_1_21' title="bbox 279 1588 1617 1645; baseline -0.001 -15"><span class='ocrx_word' id='word_1_133' title='bbox 279 1589 348 1630; x_wconf 93' lang='lat' dir='ltr'>Ne</span> <span class='ocrx_word' id='word_1_134' title='bbox 365 1588 493 1631; x_wconf 84' lang='lat' dir='ltr'>fueris</span> <span class='ocrx_word' id='word_1_135' title='bbox 513 1588 582 1631; x_wconf 87' lang='lat' dir='ltr'>hic</span> <span class='ocrx_word' id='word_1_136' title='bbox 603 1597 662 1631; x_wconf 90' lang='lat' dir='ltr'>tu.</span> <span class='ocrx_word' id='word_1_137' title='bbox 725 1589 981 1645; x_wconf 89' lang='lat' dir='ltr'>Chlamydes</span> <span class='ocrx_word' id='word_1_138' title='bbox 996 1589 1217 1640; x_wconf 87' lang='lat' dir='ltr'>Lucullus,</span> <span class='ocrx_word' id='word_1_139' title='bbox 1239 1597 1288 1630; x_wconf 92' lang='lat' dir='ltr'>ut</span> <span class='ocrx_word' id='word_1_140' title='bbox 1308 1588 1440 1639; x_wconf 82' lang='lat' dir='ltr'>aiunt,</span> <span class='ocrx_word' id='word_1_141' title='bbox 1560 1589 1617 1630; x_wconf 83' lang='lat'>40</span> 
     </span>
     <span class='ocr_line' id='line_1_22' title="bbox 281 1657 1239 1714; baseline 0 -15"><span class='ocrx_word' id='word_1_142' title='bbox 281 1657 327 1699; x_wconf 92' lang='lat' dir='ltr'>Si</span> <span class='ocrx_word' id='word_1_143' title='bbox 346 1666 485 1714; x_wconf 88' lang='lat' dir='ltr'>posset</span> <span class='ocrx_word' id='word_1_144' title='bbox 505 1666 670 1700; x_wconf 89' lang='lat' dir='ltr'>centum</span> <span class='ocrx_word' id='word_1_145' title='bbox 693 1672 829 1700; x_wconf 81' lang='lat' dir='ltr'>scenae</span> <span class='ocrx_word' id='word_1_146' title='bbox 849 1658 1036 1713; x_wconf 87' lang='lat' dir='ltr'>praebere</span> <span class='ocrx_word' id='word_1_147' title='bbox 1055 1666 1239 1712; x_wconf 83' lang='lat' dir='ltr'>rogatus,</span> 
     </span>
     <span class='ocr_line' id='line_1_23' title="bbox 279 1725 1598 1782; baseline -0.002 -14"><span class='ocrx_word' id='word_1_148' title='bbox 279 1725 363 1778; x_wconf 82' lang='lat' dir='ltr'>Qui</span> <span class='ocrx_word' id='word_1_149' title='bbox 382 1740 548 1781; x_wconf 86' lang='lat' dir='ltr'>possum</span> <span class='ocrx_word' id='word_1_150' title='bbox 571 1728 664 1768; x_wconf 88' lang='lat' dir='ltr'>tot?</span> <span class='ocrx_word' id='word_1_151' title='bbox 695 1725 771 1768; x_wconf 90' lang='lat' dir='ltr'>ait:</span> <span class='ocrx_word' id='word_1_152' title='bbox 805 1734 942 1768; x_wconf 88' lang='lat' dir='ltr'>tamen</span> <span class='ocrx_word' id='word_1_153' title='bbox 964 1734 1006 1767; x_wconf 91' lang='lat' dir='ltr'>et</span> <span class='ocrx_word' id='word_1_154' title='bbox 1021 1740 1218 1781; x_wconf 86' lang='lat' dir='ltr'>quaeram,</span> <span class='ocrx_word' id='word_1_155' title='bbox 1241 1734 1282 1768; x_wconf 88' lang='lat' dir='ltr'>et</span> <span class='ocrx_word' id='word_1_156' title='bbox 1302 1734 1403 1782; x_wconf 94' lang='lat' dir='ltr'>quot</span> <span class='ocrx_word' id='word_1_157' title='bbox 1423 1725 1598 1774; x_wconf 90' lang='lat' dir='ltr'>habebo,</span> 
     </span>
     <span class='ocr_line' id='line_1_24' title="bbox 278 1794 1382 1851; baseline -0.001 -14"><span class='ocrx_word' id='word_1_158' title='bbox 278 1794 452 1837; x_wconf 84' lang='lat' dir='ltr'>Mittam</span> <span class='ocrx_word' id='word_1_159' title='bbox 470 1810 479 1836; x_wconf 83' lang='lat' dir='ltr'>z</span> <span class='ocrx_word' id='word_1_160' title='bbox 512 1802 606 1850; x_wconf 89' lang='lat' dir='ltr'>post</span> <span class='ocrx_word' id='word_1_161' title='bbox 626 1794 750 1850; x_wconf 89' lang='lat' dir='ltr'>paulo</span> <span class='ocrx_word' id='word_1_162' title='bbox 771 1794 926 1845; x_wconf 86' lang='lat' dir='ltr'>scribit,</span> <span class='ocrx_word' id='word_1_163' title='bbox 949 1794 1027 1836; x_wconf 89' lang='lat' dir='ltr'>sibi</span> <span class='ocrx_word' id='word_1_164' title='bbox 1049 1794 1179 1836; x_wconf 86' lang='lat' dir='ltr'>millia</span> <span class='ocrx_word' id='word_1_165' title='bbox 1199 1794 1382 1851; x_wconf 88' lang='lat' dir='ltr'>quinque</span> 
     </span>
     <span class='ocr_line' id='line_1_25' title="bbox 277 1862 1493 1918; baseline -0.002 -13"><span class='ocrx_word' id='word_1_166' title='bbox 277 1863 386 1905; x_wconf 88' lang='lat' dir='ltr'>Esse</span> <span class='ocrx_word' id='word_1_167' title='bbox 405 1862 518 1905; x_wconf 90' lang='lat' dir='ltr'>domi</span> <span class='ocrx_word' id='word_1_168' title='bbox 538 1862 803 1918; x_wconf 85' lang='lat' dir='ltr'>chlamydum</span> <span class='ocrx_word' id='word_1_169' title='bbox 823 1880 835 1911; x_wconf 86' lang='lat'><strong>;</strong></span> <span class='ocrx_word' id='word_1_170' title='bbox 869 1870 1044 1918; x_wconf 86' lang='lat' dir='ltr'>partem,</span> <span class='ocrx_word' id='word_1_171' title='bbox 1066 1862 1133 1903; x_wconf 91' lang='lat' dir='ltr'>vel</span> <span class='ocrx_word' id='word_1_172' title='bbox 1154 1862 1317 1904; x_wconf 88' lang='lat' dir='ltr'>tolleret</span> <span class='ocrx_word' id='word_1_173' title='bbox 1338 1877 1493 1904; x_wconf 88' lang='lat' dir='ltr'>omnes.</span> 
     </span>
     <span class='ocr_line' id='line_1_26' title="bbox 277 1929 1613 1986; baseline -0.001 -14"><span class='ocrx_word' id='word_1_174' title='bbox 277 1930 416 1974; x_wconf 84' lang='lat' dir='ltr'>Exilis</span> <span class='ocrx_word' id='word_1_175' title='bbox 436 1931 584 1972; x_wconf 85' lang='lat' dir='ltr'>domus</span> <span class='ocrx_word' id='word_1_176' title='bbox 604 1940 681 1981; x_wconf 87' lang='lat' dir='ltr'>est,</span> <span class='ocrx_word' id='word_1_177' title='bbox 703 1930 776 1972; x_wconf 87' lang='lat' dir='ltr'>ubi</span> <span class='ocrx_word' id='word_1_178' title='bbox 797 1945 880 1972; x_wconf 92' lang='lat' dir='ltr'>non</span> <span class='ocrx_word' id='word_1_179' title='bbox 900 1939 942 1973; x_wconf 91' lang='lat' dir='ltr'>et</span> <span class='ocrx_word' id='word_1_180' title='bbox 963 1931 1095 1972; x_wconf 88' lang='lat' dir='ltr'>multa</span> <span class='ocrx_word' id='word_1_181' title='bbox 1117 1938 1355 1986; x_wconf 89' lang='lat' dir='ltr'>supersunt,</span> <span class='ocrx_word' id='word_1_182' title='bbox 1557 1929 1613 1970; x_wconf 77' lang='lat'>45</span> 
     </span>
     <span class='ocr_line' id='line_1_27' title="bbox 276 1996 1392 2054; baseline -0.002 -13"><span class='ocrx_word' id='word_1_183' title='bbox 276 1999 339 2042; x_wconf 82' lang='lat' dir='ltr'>Et</span> <span class='ocrx_word' id='word_1_184' title='bbox 358 1997 572 2040; x_wconf 87' lang='lat' dir='ltr'>dominum</span> <span class='ocrx_word' id='word_1_185' title='bbox 593 1998 760 2049; x_wconf 83' lang='lat' dir='ltr'>fallunt,</span> <span class='ocrx_word' id='word_1_186' title='bbox 783 2007 824 2040; x_wconf 91' lang='lat' dir='ltr'>et</span> <span class='ocrx_word' id='word_1_187' title='bbox 845 2006 1018 2054; x_wconf 88' lang='lat' dir='ltr'>prosunt</span> <span class='ocrx_word' id='word_1_188' title='bbox 1039 1998 1212 2040; x_wconf 88' lang='lat' dir='ltr'>furibus.</span> <span class='ocrx_word' id='word_1_189' title='bbox 1276 1996 1392 2054; x_wconf 86' lang='lat' dir='ltr'>Ergo</span> 
     </span>
     <span class='ocr_line' id='line_1_28' title="bbox 277 2066 1278 2122; baseline -0.001 -13"><span class='ocrx_word' id='word_1_190' title='bbox 277 2066 324 2110; x_wconf 88' lang='lat' dir='ltr'>Si</span> <span class='ocrx_word' id='word_1_191' title='bbox 342 2081 408 2109; x_wconf 85' lang='lat' dir='ltr'>res</span> <span class='ocrx_word' id='word_1_192' title='bbox 428 2066 515 2109; x_wconf 89' lang='lat' dir='ltr'>sola</span> <span class='ocrx_word' id='word_1_193' title='bbox 534 2075 671 2122; x_wconf 89' lang='lat' dir='ltr'>potest</span> <span class='ocrx_word' id='word_1_194' title='bbox 689 2066 826 2109; x_wconf 86' lang='lat' dir='ltr'>facere</span> <span class='ocrx_word' id='word_1_195' title='bbox 846 2074 888 2109; x_wconf 93' lang='lat' dir='ltr'>et</span> <span class='ocrx_word' id='word_1_196' title='bbox 911 2081 1075 2108; x_wconf 87' lang='lat' dir='ltr'>servare</span> <span class='ocrx_word' id='word_1_197' title='bbox 1095 2066 1278 2118; x_wconf 85' lang='lat' dir='ltr'>beatum,</span> 
     </span>
     <span class='ocr_line' id='line_1_29' title="bbox 276 2134 1423 2191; baseline -0.002 -14"><span class='ocrx_word' id='word_1_198' title='bbox 276 2135 376 2177; x_wconf 83' lang='lat' dir='ltr'>Hoc</span> <span class='ocrx_word' id='word_1_199' title='bbox 393 2135 551 2191; x_wconf 87' lang='lat' dir='ltr'>primus</span> <span class='ocrx_word' id='word_1_200' title='bbox 570 2144 732 2190; x_wconf 88' lang='lat' dir='ltr'>repetas</span> <span class='ocrx_word' id='word_1_201' title='bbox 752 2150 870 2191; x_wconf 90' lang='lat' dir='ltr'>opus,</span> <span class='ocrx_word' id='word_1_202' title='bbox 891 2135 972 2176; x_wconf 89' lang='lat' dir='ltr'>hoc</span> <span class='ocrx_word' id='word_1_203' title='bbox 991 2143 1224 2190; x_wconf 88' lang='lat' dir='ltr'>postremus</span> <span class='ocrx_word' id='word_1_204' title='bbox 1245 2134 1423 2176; x_wconf 88' lang='lat' dir='ltr'>omittas.</span> 
     </span>
     <span class='ocr_line' id='line_1_30' title="bbox 279 2202 1200 2258; baseline -0.001 -14"><span class='ocrx_word' id='word_1_205' title='bbox 279 2202 325 2245; x_wconf 89' lang='lat' dir='ltr'>Si</span> <span class='ocrx_word' id='word_1_206' title='bbox 344 2202 601 2244; x_wconf 86' lang='lat' dir='ltr'>fortunatum</span> <span class='ocrx_word' id='word_1_207' title='bbox 622 2203 777 2258; x_wconf 88' lang='lat' dir='ltr'>species</span> <span class='ocrx_word' id='word_1_208' title='bbox 799 2212 841 2244; x_wconf 92' lang='lat' dir='ltr'>et</span> <span class='ocrx_word' id='word_1_209' title='bbox 861 2202 996 2258; x_wconf 85' lang='lat' dir='ltr'>gratia</span> <span class='ocrx_word' id='word_1_210' title='bbox 1014 2210 1200 2257; x_wconf 68' lang='lat' dir='ltr'>praestat,</span> 
     </span>
     <span class='ocr_line' id='line_1_31' title="bbox 278 2269 1612 2326; baseline 0 -14"><span class='ocrx_word' id='word_1_211' title='bbox 278 2271 519 2313; x_wconf 87' lang='lat' dir='ltr'>Mercemur</span> <span class='ocrx_word' id='word_1_212' title='bbox 534 2285 714 2321; x_wconf 86' lang='lat' dir='ltr'>servum,</span> <span class='ocrx_word' id='word_1_213' title='bbox 735 2270 807 2326; x_wconf 90' lang='lat' dir='ltr'>qui</span> <span class='ocrx_word' id='word_1_214' title='bbox 828 2270 956 2311; x_wconf 87' lang='lat' dir='ltr'>dictet</span> <span class='ocrx_word' id='word_1_215' title='bbox 977 2269 1160 2321; x_wconf 87' lang='lat' dir='ltr'>nomina,</span> <span class='ocrx_word' id='word_1_216' title='bbox 1177 2269 1331 2310; x_wconf 83' lang='lat' dir='ltr'>laevum</span> <span class='ocrx_word' id='word_1_217' title='bbox 1555 2272 1612 2312; x_wconf 89' lang='lat'>50</span> 
     </span>
     <span class='ocr_line' id='line_1_32' title="bbox 278 2337 1426 2394; baseline -0.001 -14"><span class='ocrx_word' id='word_1_218' title='bbox 278 2337 364 2389; x_wconf 86' lang='lat' dir='ltr'>Qui</span> <span class='ocrx_word' id='word_1_219' title='bbox 382 2337 536 2380; x_wconf 85' lang='lat' dir='ltr'>fodicet</span> <span class='ocrx_word' id='word_1_220' title='bbox 553 2338 678 2389; x_wconf 89' lang='lat' dir='ltr'>latus,</span> <span class='ocrx_word' id='word_1_221' title='bbox 700 2346 742 2379; x_wconf 88' lang='lat' dir='ltr'>et</span> <span class='ocrx_word' id='word_1_222' title='bbox 762 2346 882 2394; x_wconf 87' lang='lat' dir='ltr'>cogat</span> <span class='ocrx_word' id='word_1_223' title='bbox 903 2345 1015 2380; x_wconf 87' lang='lat' dir='ltr'>trans</span> <span class='ocrx_word' id='word_1_224' title='bbox 1035 2338 1218 2393; x_wconf 88' lang='lat' dir='ltr'>pondera</span> <span class='ocrx_word' id='word_1_225' title='bbox 1239 2338 1426 2379; x_wconf 85' lang='lat' dir='ltr'>dextram</span> 
     </span>
     <span class='ocr_line' id='line_1_33' title="bbox 278 2405 1491 2461; baseline 0 -13"><span class='ocrx_word' id='word_1_226' title='bbox 278 2405 520 2461; x_wconf 77' lang='lat' dir='ltr'>Pol-rigere:</span> <span class='ocrx_word' id='word_1_227' title='bbox 555 2405 642 2447; x_wconf 89' lang='lat' dir='ltr'>Hic</span> <span class='ocrx_word' id='word_1_228' title='bbox 662 2405 838 2447; x_wconf 89' lang='lat' dir='ltr'>multum</span> <span class='ocrx_word' id='word_1_229' title='bbox 860 2406 902 2447; x_wconf 87' lang='lat' dir='ltr'>in</span> <span class='ocrx_word' id='word_1_230' title='bbox 925 2407 1059 2448; x_wconf 87' lang='lat' dir='ltr'>Fabia</span> <span class='ocrx_word' id='word_1_231' title='bbox 1079 2406 1204 2457; x_wconf 88' lang='lat' dir='ltr'>valet,</span> <span class='ocrx_word' id='word_1_232' title='bbox 1225 2406 1296 2448; x_wconf 87' lang='lat' dir='ltr'>ille</span> <span class='ocrx_word' id='word_1_233' title='bbox 1318 2406 1491 2454; x_wconf 88' lang='lat' dir='ltr'>Velina;</span> 
     </span>
     <span class='ocr_line' id='line_1_34' title="bbox 278 2473 1238 2530; baseline 0 -14"><span class='ocrx_word' id='word_1_234' title='bbox 278 2473 362 2516; x_wconf 86' lang='lat' dir='ltr'>Cui</span> <span class='ocrx_word' id='word_1_235' title='bbox 381 2473 484 2515; x_wconf 92' lang='lat' dir='ltr'>libet</span> <span class='ocrx_word' id='word_1_236' title='bbox 502 2473 538 2515; x_wconf 91' lang='lat' dir='ltr'>is</span> <span class='ocrx_word' id='word_1_237' title='bbox 557 2473 687 2516; x_wconf 85' lang='lat' dir='ltr'>fasces</span> <span class='ocrx_word' id='word_1_238' title='bbox 703 2473 834 2524; x_wconf 84' lang='lat' dir='ltr'>dabit,</span> <span class='ocrx_word' id='word_1_239' title='bbox 853 2474 1080 2530; x_wconf 82' lang='lat' dir='ltr'>eripietque</span> <span class='ocrx_word' id='word_1_240' title='bbox 1096 2475 1238 2517; x_wconf 86' lang='lat' dir='ltr'>curule</span> 
     </span>
     <span class='ocr_line' id='line_1_35' title="bbox 277 2541 1434 2597; baseline 0.002 -13"><span class='ocrx_word' id='word_1_241' title='bbox 277 2541 360 2584; x_wconf 88' lang='lat' dir='ltr'>Cui</span> <span class='ocrx_word' id='word_1_242' title='bbox 380 2541 492 2583; x_wconf 86' lang='lat' dir='ltr'>volet</span> <span class='ocrx_word' id='word_1_243' title='bbox 512 2541 775 2597; x_wconf 88' lang='lat' dir='ltr'>importunus</span> <span class='ocrx_word' id='word_1_244' title='bbox 796 2543 921 2584; x_wconf 87' lang='lat' dir='ltr'>ebur:</span> <span class='ocrx_word' id='word_1_245' title='bbox 956 2544 1118 2594; x_wconf 84' lang='lat' dir='ltr'>Frater,</span> <span class='ocrx_word' id='word_1_246' title='bbox 1136 2545 1276 2594; x_wconf 88' lang='lat' dir='ltr'>Pater,</span> <span class='ocrx_word' id='word_1_247' title='bbox 1299 2543 1406 2587; x_wconf 84' lang='lat' dir='ltr'>adde</span> <span class='ocrx_word' id='word_1_248' title='bbox 1423 2560 1434 2591; x_wconf 90' lang='lat'>;</span> 
     </span>
     <span class='ocr_line' id='line_1_36' title="bbox 276 2610 1611 2668; baseline 0 -14"><span class='ocrx_word' id='word_1_249' title='bbox 276 2610 342 2665; x_wconf 74' lang='lat' dir='ltr'>Ut</span> <span class='ocrx_word' id='word_1_250' title='bbox 357 2610 506 2666; x_wconf 88' lang='lat' dir='ltr'>cuique</span> <span class='ocrx_word' id='word_1_251' title='bbox 524 2618 586 2652; x_wconf 92' lang='lat' dir='ltr'>est</span> <span class='ocrx_word' id='word_1_252' title='bbox 607 2618 724 2662; x_wconf 87' lang='lat' dir='ltr'>aetas,</span> <span class='ocrx_word' id='word_1_253' title='bbox 744 2611 804 2653; x_wconf 87' lang='lat' dir='ltr'>ita</span> <span class='ocrx_word' id='word_1_254' title='bbox 824 2625 1029 2668; x_wconf 90' lang='lat' dir='ltr'>quemque</span> <span class='ocrx_word' id='word_1_255' title='bbox 1049 2611 1206 2654; x_wconf 87' lang='lat' dir='ltr'>facetus</span> <span class='ocrx_word' id='word_1_256' title='bbox 1226 2612 1393 2667; x_wconf 87' lang='lat' dir='ltr'>adopta.</span> <span class='ocrx_word' id='word_1_257' title='bbox 1554 2614 1611 2654; x_wconf 88' lang='lat'>55</span> 
     </span>
     <span class='ocr_line' id='line_1_37' title="bbox 278 2677 1334 2734; baseline 0.003 -15"><span class='ocrx_word' id='word_1_258' title='bbox 278 2677 340 2730; x_wconf 90' lang='lat' dir='ltr'>Si,</span> <span class='ocrx_word' id='word_1_259' title='bbox 357 2678 463 2720; x_wconf 86' lang='lat' dir='ltr'>bene</span> <span class='ocrx_word' id='word_1_260' title='bbox 482 2679 554 2734; x_wconf 92' lang='lat' dir='ltr'>qui</span> <span class='ocrx_word' id='word_1_261' title='bbox 574 2688 726 2728; x_wconf 72' lang='lat' dir='ltr'>coenat,</span> <span class='ocrx_word' id='word_1_262' title='bbox 748 2680 853 2722; x_wconf 88' lang='lat' dir='ltr'>bene</span> <span class='ocrx_word' id='word_1_263' title='bbox 876 2680 980 2722; x_wconf 91' lang='lat' dir='ltr'>vivit</span> <span class='ocrx_word' id='word_1_264' title='bbox 998 2697 1009 2728; x_wconf 89' lang='grc'>;</span> <span class='ocrx_word' id='word_1_265' title='bbox 1043 2680 1171 2732; x_wconf 83' lang='lat' dir='ltr'>lucet,</span> <span class='ocrx_word' id='word_1_266' title='bbox 1192 2695 1334 2722; x_wconf 83' lang='lat' dir='ltr'>eamus</span> 
     </span>
     <span class='ocr_line' id='line_1_38' title="bbox 278 2745 1350 2803; baseline 0.003 -16"><span class='ocrx_word' id='word_1_267' title='bbox 278 2747 373 2798; x_wconf 84' lang='lat' dir='ltr'>Quo</span> <span class='ocrx_word' id='word_1_268' title='bbox 395 2745 511 2788; x_wconf 87' lang='lat' dir='ltr'>ducit</span> <span class='ocrx_word' id='word_1_269' title='bbox 531 2746 654 2801; x_wconf 90' lang='lat' dir='ltr'>gula:</span> <span class='ocrx_word' id='word_1_270' title='bbox 687 2747 908 2803; x_wconf 86' lang='lat' dir='ltr'>piscemur,</span> <span class='ocrx_word' id='word_1_271' title='bbox 930 2762 1152 2796; x_wconf 89' lang='lat' dir='ltr'>venemur;</span> <span class='ocrx_word' id='word_1_272' title='bbox 1184 2757 1232 2790; x_wconf 89' lang='lat' dir='ltr'>ut</span> <span class='ocrx_word' id='word_1_273' title='bbox 1253 2748 1350 2790; x_wconf 91' lang='lat' dir='ltr'>olim</span> 
     </span>
     <span class='ocr_line' id='line_1_39' title="bbox 279 2812 1335 2871; baseline 0.001 -14"><span class='ocrx_word' id='word_1_274' title='bbox 279 2812 511 2870; x_wconf 81' lang='lat' dir='ltr'>GargiliuS,</span> <span class='ocrx_word' id='word_1_275' title='bbox 531 2814 603 2870; x_wconf 94' lang='lat' dir='ltr'>qui</span> <span class='ocrx_word' id='word_1_276' title='bbox 618 2829 738 2857; x_wconf 87' lang='lat' dir='ltr'>mane</span> <span class='ocrx_word' id='word_1_277' title='bbox 758 2815 918 2871; x_wconf 83' lang='lat' dir='ltr'>plagas,</span> <span class='ocrx_word' id='word_1_278' title='bbox 940 2816 1160 2867; x_wconf 88' lang='lat' dir='ltr'>venabula,</span> <span class='ocrx_word' id='word_1_279' title='bbox 1182 2831 1335 2865; x_wconf 75' lang='lat' dir='ltr'>serv08,</span> 
     </span>
    </p>

    <p class='ocr_par' dir='ltr' id='par_1_5' title="bbox 1410 2897 1437 2924">
     <span class='ocr_line' id='line_1_40' title="bbox 1410 2897 1437 2924; baseline 0 0"><span class='ocrx_word' id='word_1_280' title='bbox 1410 2897 1437 2924; x_wconf 77' lang='lat' dir='ltr'>N</span> 
     </span>
    </p>
   </div>
  </div>
 </body>
</html>
