1962 3268
319 267 405 310 244
748 280 788 310 Q.
821 277 1016 306 HoaA'rn
1050 272 1229 307 πωροι·

320 386 381 426 Et
402 385 541 426 docuit
563 397 838 438 magnumque
858 383 985 438 loqui,
1006 382 1163 438 nitique
1184 382 1395 424 cothurno.
1436 376 1439 379 ’
1484 375 1493 380 ’
1554 375 1650 423 ΞΒΘ

323 451 529 493 Successit
552 459 671 493 vetus
692 450 758 492 his
781 450 1014 499 Comoedia,
1036 464 1118 492 non
1139 452 1226 492 sine
1247 451 1376 492 multa

322 519 491 566 Laude3
524 518 593 560 sed
614 518 658 558 in
679 517 824 558 vitium
848 517 1013 559 libertas
1034 518 1201 569 excidit,
1223 527 1264 559 et
1284 517 1367 558 vim

321 585 503 640 Dignam
526 585 617 640 lege
638 584 744 640 regi:
778 585 844 626 lex
865 594 927 627 est
945 594 1124 641 accepta,
1144 585 1372 641 chorusque

323 653 527 708 Turpiter
546 652 734 703 obticuit,
758 653 919 695 sublato
933 654 1028 709 jure
1047 653 1235 695 nocendi.

322 720 397 761 Nil
418 719 664 761 intentatum
686 720 814 761 nostri
835 720 990 775 liquere
1012 721 1156 762 Poetae
1175 737 1183 761 ε
1559 720 1644 761 285

323 788 414 829 Nec
429 778 650 828 'minimum
673 802 855 828 meruere
872 788 1011 838 decus,
1033 788 1207 842 vestigia
1228 788 1378 829 Graeca

323 854 434 895 Ausi
454 855 652 903 deserere,
675 863 715 894 et
737 853 940 895 celebrare
961 855 1183 896 domestica
1202 855 1336 901 facta;

324 922 402 962 Vel
422 922 491 976 qui
513 930 747 975 praetextas,
770 920 836 961 vel
856 920 928 975 qui
950 921 1124 962 docuere
1144 930 1314 976 togatas.

324 990 414 1029 Nec
435 988 587 1029 virtute
607 988 712 1029 foret
734 987 905 1028 clarisve
924 988 1133 1042 potentius
1153 988 1290 1039 armis,

325 1057 459 1106 Quam
479 1055 637 1109 lingua,
662 1054 847 1103 Latium,
871 1055 903 1095 si
926 1068 1007 1095 non
1028 1054 1249 1096 offenderet
1270 1069 1417 1096 unum·
1462 1083 1466 1086 >
1563 1056 1652 1100 290

326 1124 540 1178 Quemque
561 1122 783 1163 Poetarum
806 1122 917 1163 limae
938 1122 1050 1163 labor
1069 1131 1110 1164 et
1131 1137 1254 1164 mora.
1316 1123 1413 1172 Vos,
1438 1124 1476 1163 Ο
1655 1115 1659 1124 “

325 1189 556 1244 Pompilius
579 1190 760 1245 sanguis,
783 1204 944 1231 carmen
965 1189 1251 1245 reprehendite
1269 1191 1380 1245 quod
1402 1204 1484 1230 non

328 1257 470 1298 Multa
489 1257 578 1299 dies
597 1267 637 1298 et
659 1257 789 1298 multa
807 1257 932 1299 litura
952 1257 1146 1307 coercuit,
1169 1266 1292 1312 atque

327 1325 578 1365 Praeseetum
601 1324 734 1365 decies
756 1338 837 1365 non
858 1325 1073 1379 castigavit
1095 1325 1147 1366 ad
1167 1339 1363 1380 unguem,

329 1391 550 1446 Ingenium
574 1383 720 1433 misera
739 1391 835 1446 quia
855 1391 1103 1433 fortunatius
1124 1401 1211 1433 arte
1566 1385 1655 1438 295

330 1458 490 1506 Credit,
511 1467 552 1499 et
573 1458 754 1499 excludit
776 1472 893 1499 sanos
916 1458 1119 1499 Helicone
1134 1465 1277 1513 poetas

331 1525 610 1577 Democritus,
633 1527 739 1567 bona
755 1540 848 1581 pars
868 1540 950 1567 non
972 1540 1130 1581 ungues
1150 1541 1301 1581 ponere
1321 1527 1449 1577 curat,

331 1593 430 1633 Non
449 1593 633 1643 barbam,
650 1602 803 1635 secreta
822 1594 926 1648 petit
948 1594 1050 1644 loca,
1073 1594 1220 1635 balnea
1236 1595 1352 1636 vitat.
1386 1630 1389 1633 r
1958 1631 1962 1649 ἰ

332 1660 609 1702 Nanciscetur
628 1661 735 1702 enim
758 1661 934 1716 pretium
958 1675 1187 1716 nomenque
1206 1668 1355 1716 poetae,
1648 1654 1655 1694 ζ
1948 1658 1962 1689 ¹

335 1727 379 1768 Si
402 1728 531 1786 tribus
553 1729 768 1784 Anticyris
790 1739 912 1783 caput
933 1723 1158 1771 insanabile
1178 1744 1386 1784 nunquam
1547 1721 1551 1723 λ
1571 1732 1658 1772 306
1954 1729 1962 1787 ἲ

336 1795 515 1836 Tonsori
537 1796 686 1838 Licino
707 1797 964 1838 commiserit.
1027 1798 1067 1838 O
1087 1812 1163 1851 ego
1178 1797 1321 1846 laevus,
1614 1790 1616 1792 V
1651 1790 1654 1793 ’

337 1862 419 1912 Qui
440 1877 592 1917 purgor
612 1864 734 1905 bilem
758 1866 833 1906 sub
854 1865 968 1906 verni
992 1865 1185 1920 temporis
1205 1865 1369 1906 horam!

336 1929 433 1969 Non
455 1929 559 1969 alius
579 1930 734 1972 faceret
756 1932 922 1973 meliora
943 1939 1158 1986 poemata;
1193 1947 1334 1973 verum

337 1995 409 2036 Nil
433 1996 536 2037 tanti
559 2006 645 2043 est;
680 2013 776 2052 ergo
797 1999 946 2052 fungar
967 2000 1055 2039 vice
1076 2000 1192 2048 cotis,
1215 2007 1377 2040 acutum

338 2064 530 2105 Reddere
546 2079 637 2119 quae
659 2064 808 2105 ferrum
832 2066 956 2115 valet,
973 2079 1113 2114 exsors
1134 2066 1221 2119 ipsa
1237 2067 1422 2107 secandi:
1571 2059 1658 2108 305

339 2133 499 2173 Munus
521 2141 561 2172 et
582 2131 775 2182 officium,
797 2132 856 2172 nil
876 2133 1055 2174 scribens
1074 2133 1176 2187 ipse,
1193 2133 1370 2180 doceb0;

339 2200 466 2240 Unde
487 2209 682 2254 parentur
702 2214 822 2254 opes3
853 2200 953 2255 quid
973 2199 1055 2241 alat
1075 2199 1302 2255 formetque
1323 2207 1484 2254 poetam
1501 2217 1512 2247 ;
1547 2253 1550 2255 Β

342 2267 454 2317 Quid
475 2267 630 2317 deceat,
645 2267 745 2322 quid
765 2281 872 2314 non,
907 2281 986 2322 quo
1004 2268 1147 2316 virtus,
1170 2282 1251 2322 quo
1271 2268 1374 2309 ferat
1395 2262 1538 2310 error,-

343 2334 555 2376 Scribendi
576 2343 699 2385 recte,
717 2349 857 2389 sapere
879 2344 940 2375 est
960 2343 1001 2375 et
1022 2334 1268 2388 principium
1291 2345 1331 2375 et
1351 2335 1459 2376 fons:

342 2403 449 2443 Rem
473 2401 546 2442 tibi
571 2401 789 2442 Socraticae
809 2410 1001 2455 poterunt
1022 2402 1233 2443 ostendere
1254 2402 1429 2443 chartae:
1575 2396 1661 2444 310

344 2464 556 2523 verbaque
577 2469 779 2523 provisam
802 2483 886 2510 rem
908 2484 989 2510 non
1006 2469 1136 2510 invita
1157 2479 1392 2524 sequentur.

344 2538 426 2587 Qui
447 2537 593 2578 didicit
614 2536 757 2590 patriae
778 2537 878 2590 quid
899 2537 1059 2585 debeat,
1083 2532 1123 2577 et
1143 2537 1244 2591 quid
1265 2537 1419 2586 amicis,

345 2605 438 2653 Quo
459 2603 510 2644 sit
531 2618 666 2644 amore
687 2618 847 2657 parens,
872 2619 952 2658 quo
972 2605 1095 2645 frater
1115 2604 1312 2645 amandus
1333 2613 1374 2645 et
1394 2604 1555 2659 hospes,
1577 2604 1591 2615 ”
1654 2624 1657 2630 >

345 2671 467 2721 Quod
486 2671 538 2711 sit
559 2670 793 2724 conscripti,
815 2671 923 2724 quod
938 2670 1095 2725 judicis
1114 2669 1306 2720 officium,
1326 2686 1417 2726 quae

345 2739 488 2779 Partes
509 2738 552 2778 in
572 2738 724 2779 bellum
746 2738 857 2787 missi
879 2738 1008 2788 ducis,
1030 2737 1099 2778 ille
1120 2738 1302 2792 profecto
1388 2744 1391 2748 '
1424 2776 1428 2780 ,
1517 2779 1523 2784 ,
1576 2740 1661 2780 315
