1962 3268
387 309 441 350 10
811 326 851 355 Q.
882 322 1080 353 HORATII
1113 326 1277 356 FLAccx

381 420 552 462 Parcius
572 420 641 462 hic
659 422 763 464 vivit
784 425 801 464 ?
821 423 932 478 frugi
952 425 1136 467 dicatur:
1159 426 1324 482 ineptus

377 487 438 528 Et
450 487 672 542 jactantior
691 489 760 531 hic
779 490 902 546 paulo
923 494 1011 532 est?
1032 493 1254 536 concinnus
1274 494 1415 537 amicis
1637 498 1695 540 50

376 555 567 597 Postulat
588 565 634 598 ut
653 558 864 601 videatur:
888 567 930 601 at
949 567 1010 601 est
1031 562 1313 613 truculentior,
1335 571 1457 618 atque

375 623 479 664 Plus
499 638 616 679 aequo
636 625 768 667 liber?
790 626 963 682 simplex
976 627 1173 685 fortisque
1193 629 1403 672 habeatur.

376 690 544 733 Caldior
562 695 654 734 est?
675 708 786 735 acres
805 694 912 735 inter
931 704 1189 737 numeretur:
1214 698 1371 752 opinor,

374 757 483 800 Haec
503 773 566 800 res
587 768 628 801 et
641 760 797 816 jungit,
813 762 981 816 junctos
1001 771 1041 804 et
1062 772 1196 806 servat
1216 764 1381 806 amicos.

374 825 433 866 At
451 840 525 868 nos
545 827 718 869 virtutes
739 828 848 883 ipsas
868 829 1125 882 invertimus,
1146 840 1269 886 atque
1635 837 1690 877 55

377 892 588 935 Sincerum
609 895 796 949 cupimus
817 910 888 936 vas
908 896 1144 938 incrustare.
1191 899 1350 940 Probus
1371 899 1462 955 quis

374 960 599 1002 Nobiscum
620 961 740 1014 vivit,
759 962 934 1003 multum
957 963 1157 1005 demissus
1178 964 1334 1006 homo?
1367 966 1430 1007 illi

375 1028 518 1068 Tardo
539 1042 586 1069 ac
608 1043 834 1083 cognomen
855 1030 1003 1085 pingui
1023 1031 1168 1073 damus
1187 1048 1196 1072 :
1215 1032 1284 1074 hic
1303 1033 1415 1088 fugit
1436 1049 1577 1076 omnes

374 1094 566 1144 Insidias,
589 1096 772 1150 nullique
793 1098 899 1138 malo
919 1098 1026 1139 latus
1046 1099 1164 1140 obdit
1184 1109 1368 1155 apertum
1387 1103 1463 1142 ?—

372 1164 480 1204 Cum
500 1177 630 1218 genus
650 1163 728 1205 hoc
747 1164 854 1206 inter
873 1165 970 1206 vitae
991 1175 1189 1218 versetur,
1210 1169 1280 1210 ubi
1302 1170 1405 1211 acris
1633 1169 1690 1212 60

373 1231 553 1283 Invidia,
575 1241 696 1288 atque
717 1233 861 1288 vigent
883 1234 952 1275 ubi
974 1234 1276 1290 crimina—pro
1297 1237 1400 1278 bene
1421 1251 1519 1278 sano

370 1298 432 1339 Ac
451 1312 534 1339 non
552 1299 733 1350 incauto,
754 1300 893 1341 fictum
915 1309 1178 1357 astutumque
1197 1317 1399 1345 vocamus.

378 1366 612 1422 Simplicior
631 1367 724 1422 quis
744 1376 784 1408 et
805 1376 881 1418 est,
903 1368 1066 1422 qualem
1087 1383 1151 1410 me
1173 1384 1281 1425 saepe
1301 1371 1474 1412 libenter

370 1434 601 1476 Obtulerim
623 1435 712 1486 tibi,
735 1436 959 1486 Maecenas,
981 1444 1028 1477 ut
1047 1436 1151 1477 forte
1170 1437 1373 1491 legentem

367 1501 455 1542 Aut
476 1502 643 1542 tacitum
664 1502 850 1556 impellat
870 1503 1220 1557 quovis‘sermone
1243 1506 1469 1547 molestus?
1629 1506 1686 1549 65

371 1568 592 1609 Communi
613 1583 734 1610 sensu
753 1569 876 1623 plane
896 1579 1021 1620 caret,
1043 1570 1262 1626 inquimus.
1321 1572 1446 1614 Eheu

371 1636 505 1685 Quam
528 1644 679 1677 temere
701 1636 744 1677 in
765 1646 925 1678 nosmet
946 1637 1077 1692 legem
1101 1639 1303 1680 sancimus
1323 1639 1505 1696 iniquam
1523 1639 1533 1682 l

368 1704 478 1744 Nam
499 1704 611 1745 vitiis
631 1719 751 1746 nemo
772 1705 858 1746 sine
878 1706 1083 1746 nascitur:
1107 1706 1285 1760 optimus
1305 1707 1375 1748 ille
1395 1715 1470 1758 est,

370 1771 454 1821 Qui
473 1772 655 1813 minimis
677 1781 890 1827 urguetur.
952 1773 1122 1814 Amicus
1143 1774 1288 1825 dulcis,
1311 1783 1357 1815 ut
1377 1789 1539 1830 aequum
1561 1784 1636 1826 est,

369 1839 477 1879 Cum
499 1852 589 1880 mea
609 1849 843 1894 compenset
863 1839 976 1881 vitiis
996 1841 1116 1889 bona,
1137 1841 1324 1895 pluribus
1344 1841 1455 1883 hisce
1627 1843 1685 1896 70

369 1904 433 1956 (Si
453 1906 573 1947 modo
593 1907 712 1961 plura
732 1907 836 1947 mihi
855 1908 963 1948 bona
984 1912 1098 1962 sunt)
1121 1908 1305 1964 inclinet,
1327 1909 1453 1951 amari

369 1971 413 2013 Si
434 1973 562 2014 volet:
588 1973 667 2014 hac
686 1974 791 2028 lege,
812 1974 855 2014 in
874 1974 1029 2015 trutina
1047 1983 1222 2028 ponetur
1242 1976 1397 2016 eadem.

366 2039 449 2089 Qui
469 2055 521 2081 ne
542 2040 754 2082 tuberibus
772 2041 945 2095 propriis
966 2041 1145 2083 offendat
1164 2042 1340 2083 amicum

366 2107 571 2158 Postulat,
590 2108 776 2162 ignoscet
791 2108 970 2150 verrucis
990 2109 1125 2149 illius:
1150 2123 1313 2164 aequum
1334 2117 1409 2160 est,

364 2173 552 2216 Peccatis
572 2175 732 2216 veniam
753 2183 984 2229 poscentem
1005 2176 1173 2217 reddere
1193 2190 1344 2217 rursus.
1623 2176 1680 2231 75

363 2241 569 2297 Denique,
591 2250 792 2297 quatenus
814 2242 947 2284 excidi
967 2243 1132 2298 penitus
1151 2243 1297 2284 vitium
1317 2243 1404 2294 irae,

363 2310 525 2350 Caetera
545 2309 642 2350 item
663 2318 873 2365 nequeunt
893 2311 1030 2352 stultis
1049 2310 1248 2352 haerentia
1264 2327 1272 2352 :
1297 2326 1369 2353 cur
1388 2326 1469 2353 non

360 2376 617 2418 Ponderibus
637 2378 895 2433 modulisque
915 2379 998 2419 suis
1018 2379 1121 2420 ratio
1140 2376 1305 2426 utitur?
1325 2394 1372 2420 ac
1391 2394 1454 2420 res

361 2443 426 2487 Ut
444 2458 617 2499 quaeque
637 2453 712 2495 est,
733 2444 791 2486 ita
812 2446 1022 2500 suppliciis
1042 2447 1193 2488 delicta
1212 2446 1396 2488 coercet?

366 2509 411 2551 Si
431 2510 523 2564 quis
546 2525 638 2552 eum
658 2526 834 2563 servum,
854 2512 1035 2567 patinam
1059 2513 1129 2567 qui
1151 2513 1292 2555 tollere
1305 2514 1446 2568 jussus
1618 2518 1676 2558 80

363 2577 549 2618 SemeSos
569 2577 699 2631 pisces
721 2579 986 2634 tepidumque
1005 2579 1226 2633 ligurrierit
1234 2580 1322 2635 jus,

353 2644 413 2684 ·In
434 2658 552 2685 cruce
572 2644 750 2700 suffigat,
773 2647 963 2688 Labeone
982 2646 1161 2688 insanior
1179 2647 1286 2689 inter

358 2711 487 2752 Sanos
508 2711 683 2754 dicatur.
744 2715 908 2764 Quanto
929 2713 1007 2755 hoc
1026 2714 1219 2756 furiosius
1239 2724 1360 2771 atque

355 2779 502 2833 Majus
524 2788 736 2834 peccatum
758 2788 819 2822 est
837 2780 850 2821 ?
914 2781 1090 2823 Paulum
1111 2782 1284 2838 deliquit
1303 2784 1483 2833 amicus;
