1962 3268
663 332 915 360 suanorum
951 331 1040 358 mn.
1073 331 1124 357 11.
1155 314 1195 369 7
1527 313 1584 368 57

249 434 471 479 Pei-sonuit
490 431 675 476 canibus.
738 432 852 472 Tum
875 430 1068 480 rusticus,
1087 429 1219 471 Haud
1243 429 1343 470 mihi
1365 429 1449 471 vita
1500 430 1584 470 115

249 505 331 547 Est
350 517 454 558 opus
473 500 566 551 hac,
587 498 660 548 ait,
682 506 725 540 et
744 498 904 540 valeas:
938 511 1004 538 me
1024 496 1129 538 silva
1148 511 1355 552 cavusque

251 573 393 614 Tutus
413 570 466 613 ab
486 566 652 610 insidiis
672 565 787 609 tenui
802 565 1001 607 solabitur
1021 579 1131 606 ervo.

721 835 967 877 SATIRA
1000 835 1108 876 VII.

251 974 519 1015 JAMDUDUM
544 971 760 1023 auscult03
790 979 831 1013 et
852 971 1023 1027 cupiens
1043 972 1119 1014 tibi
1140 973 1276 1015 dicere
1297 989 1438 1016 servus

253 1042 413 1091 Pauca,
433 1040 670 1083 reformido.
701 1040 738 1087 ἿῙ
763 1040 996 1081 Davusne?
1049 1041 1086 1087 ἹῙ
1106 1042 1187 1091 Ita,
1211 1042 1373 1093 Davus,
1396 1042 1571 1084 amicum

254 1108 520 1164 Mancipium
542 1107 726 1159 domino,
748 1116 790 1149 et
809 1107 920 1163 frugi
940 1109 1051 1163 quod
1073 1109 1126 1150 sit
1147 1109 1272 1157 satis3
1307 1109 1386 1152 hoc
1406 1120 1484 1162 est,

254 1177 319 1219 Ut
340 1177 467 1233 vitale
486 1185 620 1232 putes.
681 1176 719 1223 ffl'
743 1177 856 1230 Age,
879 1175 1072 1217 libertate
1095 1177 1318 1219 Decembri

256 1243 457 1296 (Quando
476 1243 535 1286 ita
556 1243 731 1299 majores
752 1243 986 1295 voluerunt)
1010 1253 1126 1286 utere
1138 1261 1150 1297 ;
1180 1260 1314 1287 narra.
1564 1248 1591 1287 5

253 1313 291 1361 ἹῘ
316 1314 420 1356 Pars
439 1312 653 1354 hominum
676 1311 789 1353 vitiis
809 1312 965 1366 gaudet
985 1321 1235 1364 constanter,
1258 1322 1299 1355 et
1320 1321 1472 1368 urguet

255 1381 521 1437 Propositum
539 1397 552 1433 ;
581 1395 677 1436 pars
698 1379 830 1421 multa
849 1388 981 1431 natat,
1004 1381 1127 1422 modo
1147 1391 1260 1423 recta
1281 1396 1512 1438 capessens,

256 1450 475 1494 Interdum
495 1449 634 1505 pravis
653 1448 852 1490 obnoxia:
884 1463 994 1504 saepe
1014 1458 1180 1491 notatus

257 1519 366 1560 Cum
388 1517 520 1559 tribus
540 1516 702 1568 anellis,
723 1516 846 1558 modo
866 1516 973 1559 laeva
999 1517 1164 1560 Priscus
1184 1519 1314 1571 inani,

257 1586 376 1628 Vixit
394 1585 627 1642 inaequalis,
648 1585 811 1627 clavum
833 1593 881 1626 ut
901 1594 1080 1628 mutaret
1099 1586 1142 1628 in
1174 1587 1309 1639 horas,
1537 1593 1593 1633 10

258 1653 442 1696 AEdibus
463 1668 515 1696 ex
535 1653 696 1710 magnis
716 1653 853 1695 subito
875 1669 917 1695 se
936 1655 1144 1705 conderet,
1167 1657 1278 1698 unde

257 1722 463 1764 Mundior
483 1721 613 1764 exiret
634 1722 705 1763 vix
724 1722 942 1764 libertinus
962 1722 1147 1765 honeste.

257 1791 357 1833 Jam
378 1790 568 1832 moechus
589 1790 753 1842 Romae,
768 1791 857 1847 jam
879 1791 1022 1833 mallet
1042 1792 1186 1833 doctor
1206 1792 1390 1836 Athenis

259 1859 425 1910 Vivere,
446 1858 702 1910 Vertumnis,
722 1867 926 1916 quotquot
946 1868 1058 1910 sunt,
1076 1868 1199 1902 natus
1219 1861 1385 1917 iniquis.

260 1929 411 1971 Scurra
431 1927 691 1979 Volanerius,
713 1936 929 1984 postquam
951 1928 1012 1969 illi
1027 1928 1143 1984 justa
1164 1929 1363 1985 cheragra
1538 1934 1593 1975 15

259 1995 465 2038 Contudit
484 1995 695 2047 articulos,
717 1995 788 2051 qui
807 2010 883 2052 pro
903 2011 946 2038 se
968 1997 1130 2038 tolleret
1151 2007 1275 2054 atque

259 2063 454 2106 Mitteret
473 2063 517 2105 in
538 2062 728 2119 phimum
749 2064 868 2116 talos,
890 2066 1078 2107 mercede
1097 2065 1247 2107 diurna

262 2133 526 2175 Conductum
547 2131 665 2187 pavit
682 2148 691 2173 ε
723 2140 879 2187 quanto
900 2133 1154 2175 constantior
1173 2134 1284 2176 idem

263 2202 319 2243 In
338 2200 467 2251 vitiis,
488 2207 603 2241 tanto
622 2198 756 2240 levius
776 2199 900 2241 miser
919 2215 967 2242 ac
986 2201 1098 2256 prior
1117 2201 1190 2242 illo

264 2267 348 2320 Qui
362 2267 452 2323 jam
474 2275 682 2318 contento,
697 2267 786 2322 jam
808 2267 902 2310 laxo
920 2269 1021 2311 fune
1039 2269 1211 2311 laborat.
1541 2276 1598 2316 20

265 2336 362 2377 Non
383 2334 495 2376 dices
515 2333 654 2384 hodie,
677 2348 872 2389 quorsum
895 2335 987 2379 haec
1009 2346 1091 2380 tam
1114 2339 1261 2394 putida
1283 2341 1470 2392 tendant,

265 2401 489 2446 Furcifer?
519 2402 587 2443 Ad
609 2410 664 2452 te,
685 2402 867 2459 inquam.
902 2406 996 2456 Quo
1011 2415 1148 2461 pacto,
1170 2408 1380 2463 pessime?
1414 2410 1584 2453 Laudas

266 2472 493 2514 Fortunam
515 2479 557 2512 et
578 2485 709 2512 mores
730 2471 912 2527 antiquoe
932 2473 1090 2528 plebis;
1120 2484 1162 2517 et
1182 2475 1307 2527 idem,

266 2538 405 2595 Siquis
425 2539 479 2581 ad
499 2538 572 2580 illa
593 2539 711 2580 Deus
734 2540 872 2582 subito
888 2549 930 2583 te
950 2551 1060 2597 agat,
1083 2558 1213 2599 usque
1233 2559 1422 2594 recuscs;

265 2607 360 2648 Aut
379 2606 477 2663 quia
497 2621 580 2648 non
601 2607 729 2649 sentis
746 2609 859 2664 quod
879 2609 1031 2652 clamas
1052 2612 1204 2653 rectius
1226 2628 1328 2663 esse,
1543 2616 1599 2655 25

267 2675 361 2716 Aut
381 2674 479 2730 quia
498 2689 582 2716 non
602 2674 745 2718 firmus
765 2686 924 2719 rectum
946 2679 1150 2730 defendis,
1173 2690 1215 2723 et
1234 2680 1382 2733 haeres,

268 2741 309 2782 N
313 2741 555 2797 equiequam
576 2757 695 2785 coeno
715 2745 885 2800 cupiens
904 2747 1080 2790 evellere
1099 2748 1298 2803 plantam.

269 2809 417 2850 Romae
438 2823 507 2852 rus
527 2819 658 2866 optas,
681 2812 890 2856 absentem
911 2816 1090 2858 rusticus
1112 2817 1253 2859 urbem
