1962 3268
375 313 432 354 80
809 328 848 356 Q.
882 323 1076 354 nonATn
1110 326 1273 356 FLAccl

775 448 904 496 XV1.
968 456 1185 504 (METRUM
1209 455 1285 506 v1.)

744 576 808 609 An
839 578 1044 610 PornLUM
1079 579 1325 610 ROMANUM.

428 681 624 722 ALTERA
638 680 726 735 jam
749 681 895 722 teritur
915 682 1036 723 bellis
1058 681 1250 723 civilibus
1270 691 1387 733 aetas,

490 747 584 789 Suis
605 756 647 789 et
667 748 757 803 ipsa
778 749 914 791 Roma
929 749 1089 792 viribus
1108 749 1202 791 ruit.

432 816 566 867 Quam
588 831 720 871 neque
741 815 907 857 finitimi
931 816 1149 858 valuerunt
1168 817 1338 871 perdere
1360 817 1507 867 Marsi,

489 883 672 924 Minacis
693 891 764 924 aut
785 884 965 924 Etrusca
986 878 1179 924 Porsenae
1199 897 1358 933 manus,

431 949 605 991 AEmula
623 964 699 990 nec
719 950 850 990 virtus
871 950 1042 1005 Capuae,
1063 964 1138 991 nec
1160 951 1379 1005 Spartacus
1400 965 1505 1002 acer,
1667 956 1694 995 5

489 1018 530 1058 N
534 1016 702 1072 ovisque
721 1017 843 1058 rebus
864 1008 1043 1058 infidelis
1064 1017 1288 1066 Allobrox;

431 1085 521 1126 Nec
541 1084 628 1125 fera
647 1083 826 1125 coerulea
845 1083 1006 1126 domuit
1027 1085 1252 1127 Germania
1271 1086 1394 1140 pube,

487 1151 816 1207 Parentibusque
837 1151 1099 1193 abominatus
1119 1151 1302 1194 Annibal
1315 1169 1388 1201 3-

431 1219 570 1274 Impia
589 1219 808 1274 perdemus
828 1218 968 1260 devoti
990 1219 1202 1274 sanguinis
1222 1227 1347 1267 aetas3

490 1286 689 1340 Ferisque
709 1301 849 1327 rursus
869 1286 1137 1341 occupabitur
1157 1285 1300 1328 solum.
1351 1321 1363 1339 ⁴
1638 1290 1694 1330 10

429 1354 654 1404 Barbarus,
674 1352 782 1395 heu!
816 1354 970 1395 cineres
989 1353 1151 1395 insistet
1172 1354 1315 1405 victor,
1337 1363 1378 1396 et
1398 1355 1539 1397 urbem

485 1421 628 1476 Eques
649 1428 820 1462 sonante
839 1421 1070 1462 verberabit
1092 1422 1272 1476 ungula3

431 1490 617 1543 Quaeque
637 1494 777 1529 carent
798 1487 932 1528 ventis
953 1496 994 1528 et
1015 1488 1187 1540 solibus,
1209 1503 1300 1531 ossa
1319 1490 1484 1541 Quirini

490 1552 640 1604 (Nefas
660 1554 821 1607 videre)
839 1553 1054 1609 dissipabit
1074 1555 1264 1598 insolens.

432 1623 573 1673 Forte,
593 1621 695 1678 quid
714 1622 919 1677 expediat,
939 1624 1223 1675 communiter,
1245 1634 1318 1667 aut
1336 1626 1480 1669 melior
1498 1641 1607 1682 paru,
1636 1628 1693 1671 15

488 1689 618 1731 Malis
638 1704 774 1732 carere
793 1690 977 1746 quaeritis
998 1691 1217 1734 laboribus.

431 1757 563 1799 Nulla
583 1757 636 1799 sit
656 1757 734 1799 hac
754 1758 889 1813 potior
909 1759 1112 1800 sententia
1128 1775 1136 1800 :
1172 1759 1441 1803 Phocaeorum

488 1824 615 1866 Velut
634 1824 818 1880 profugit
837 1834 1043 1867 exsecrata
1063 1827 1211 1870 civitas

430 1893 564 1947 Agros
584 1900 706 1947 atque
728 1893 858 1934 Lares
877 1894 1045 1948 patrios,
1066 1895 1369 1953 habitandaque
1387 1897 1484 1940 fana

486 1959 611 2014 Apris
629 1959 795 2014 reliquit
814 1968 855 2000 et
874 1961 1088 2014 rapacibus
1100 1962 1229 2016 lupis;
1411 1987 1414 1990 >
1636 1970 1694 2010 20

433 2028 502 2069 Ire
522 2027 647 2082 pedes
667 2039 910 2082 quocunque
931 2026 1075 2078 ferent,
1097 2043 1341 2085 quocunque
1360 2045 1434 2086 per
1454 2033 1586 2076 undas

489 2095 625 2135 Notus
645 2093 822 2144 vocabit,
844 2101 916 2135 aut
935 2102 1149 2149 protervus
1169 2096 1347 2139 Africus.

433 2161 501 2203 Sic
519 2161 685 2216 placet?
716 2175 768 2203 an
789 2161 936 2202 melius
956 2162 1048 2217 quis
1066 2162 1193 2205 habet
1214 2165 1416 2207 suadere?
1447 2169 1627 2211 secunda

487 2229 639 2270 Ratem
660 2241 859 2282 occupare
877 2227 979 2283 quid
998 2243 1202 2272 moramur
1220 2231 1349 2274 alite?

433 2295 516 2338 Sed
528 2295 716 2351 juremus
734 2295 779 2337 in
799 2294 911 2337 haec:
947 2295 1080 2337 Simul
1099 2297 1192 2339 imis
1213 2311 1314 2342 saxa
1331 2298 1516 2345 renarint
1635 2306 1691 2347 25

488 2362 617 2404 Vadis
636 2363 786 2414 levata,
807 2377 860 2404 ne
878 2363 1011 2405 redire
1031 2365 1084 2406 sit
1102 2365 1232 2415 nefas,

377 2476 379 2479 ,
432 2431 529 2472 Neu
547 2444 742 2472 conversa
762 2430 928 2472 domum
950 2431 1089 2486 pigeat
1109 2433 1206 2474 dare
1227 2433 1367 2486 lintea,
1388 2438 1553 2491 quando

491 2497 632 2538 Padus
654 2498 820 2539 Matina
840 2498 985 2540 laverit
1007 2500 1233 2550 cacumina,

433 2565 616 2605 In'mare
637 2578 707 2605 seu
728 2565 860 2606 celsus
879 2566 1125 2619 procurrerit
1144 2568 1436 2622 Appenninus9

491 2631 692 2686 Novaque
711 2640 892 2673 monstra
904 2633 1095 2687 junxerit
1114 2634 1284 2677 libidine
1634 2645 1692 2684 30

433 2698 570 2740 Mirus
591 2712 717 2749 amor,
731 2698 853 2753 juvet
872 2708 920 2741 ut
939 2699 1064 2754 tigres
1085 2702 1293 2745 subsidere
1314 2706 1457 2756 cervis,

488 2764 761 2807 Adulteretur
780 2774 821 2808 et
840 2766 1027 2809 columba
1047 2768 1189 2819 miliio,
