1962 3268
643 345 966 375 Eris-romaum
1000 344 1091 374 mn.
1119 344 1169 372 11.
1202 332 1239 372 2.
1526 328 1611 369 233

278 447 464 490 Audebit
483 461 741 504 quaecunque
760 460 906 502 parum
928 444 1157 502 splendoris
1176 441 1404 495 habebunt,

278 516 339 557 Et
359 515 448 558 sine
467 516 649 572 pondere
669 524 805 565 erunt,
827 522 869 556 et
889 513 1046 556 honore
1065 512 1239 567 indigna
1258 511 1458 564 ferentur,

278 570 415 625 Verba
434 597 600 626 movere
618 582 724 634 loco,
745 581 934 638 quamvis
954 581 1087 623 invita
1106 580 1316 630 recedant,

276 651 338 693 Et
358 660 573 692 versentur
593 650 731 692 adhuc
751 649 860 692 intra
880 648 1108 705 penetralia
1128 649 1280 690 Vestae.

212 769 215 771 μ
275 717 509 760 Obscurata
528 717 603 759 diu
624 718 777 773 populo
796 718 930 758 bonus
949 724 1080 766 eruet,
1102 723 1226 770 atque
1525 716 1607 756 115

275 783 464 827 Proferet
484 784 528 826 in
549 785 683 826 lucem
705 784 890 840 speciosa
909 783 1110 825 vocabula
1129 795 1283 832 rerum,

275 851 382 902 Quae
401 849 547 906 priscis
566 858 792 892 memorata
813 848 1044 892 Catonibus
1063 856 1186 903 atque
1207 846 1424 902 Cethegis,

274 918 402 959 Nunc
422 917 526 960 situs
546 917 732 959 informis
752 917 903 972 premit
924 925 966 958 et
985 916 1147 958 deserta
1162 923 1372 957 vetustas:

274 985 490 1028 Adsciscet
510 1000 632 1036 nova,
653 1000 747 1041 quae
767 985 931 1040 genitor
950 983 1192 1040 produxerit
1211 998 1325 1025 usus.

275 1052 509 1095 Vehemens
530 1062 571 1095 et
591 1053 775 1109 liquidus
794 1067 978 1109 puroque
1000 1051 1235 1112 simillimus
1255 1053 1382 1104 amni,
1522 1054 1607 1095 120

276 1119 444 1163 Fundet
464 1136 577 1177 opes,
601 1121 856 1177 Latiumque
876 1120 1014 1162 beabit
1035 1119 1164 1162 divite
1183 1119 1341 1176 lingua.

274 1188 554 1244 Luxuriantia
574 1198 821 1245 compescet,
840 1188 964 1230 nimis
985 1203 1129 1244 aspera
1149 1203 1248 1230 sano

274 1256 455 1298 Levabit
475 1256 610 1308 cultu,
631 1257 787 1298 virtute
808 1256 991 1298 carentia
1012 1256 1130 1298 tollet
1148 1272 1157 1298 :

272 1323 482 1367 Ludentis
503 1323 681 1380 speeiem
701 1323 846 1373 dabit;
880 1333 921 1366 et
941 1324 1213 1381 torquebitur,
1233 1332 1280 1366 ut
1301 1325 1373 1380 qui

271 1393 399 1435 Nunc
419 1400 621 1448 satyrum,
650 1399 986 1452 nunc‘agrestem
1007 1391 1179 1447 cyclopa
1200 1401 1402 1434 movetur.
1522 1395 1604 1436 125

271 1461 310 1509 ἹῘ
329 1461 592 1504 Praetulerim
615 1460 789 1516 scriptor
809 1459 963 1502 delirus
983 1460 1176 1516 inersque
1197 1460 1344 1512 videri,

270 1529 388 1570 Dum
409 1543 501 1571 mea
520 1528 729 1571 delectent
749 1527 859 1570 mala
879 1542 960 1579 me,
978 1527 1044 1570 vel
1065 1527 1245 1584 denique
1265 1528 1428 1580 fallant,

271 1597 408 1648 Quam
431 1611 588 1653 sapere,
611 1605 653 1639 et
673 1596 798 1652 ringi.
861 1596 964 1638 Fuit
983 1596 1097 1638 haud
1121 1595 1318 1651 ignobilis
1339 1598 1485 1653 Argis,

271 1664 356 1715 Qui
376 1679 419 1706 se
440 1665 632 1707 credebat
653 1664 779 1706 miros
803 1664 946 1706 audire
967 1665 1194 1721 tragoedos,

271 1733 327 1774 In
346 1725 478 1774 vacuo
498 1732 620 1774 laetus
641 1747 772 1775 sessor
792 1732 1039 1789 plausorque
1061 1732 1245 1783 theatro;
1514 1737 1602 1778 130

271 1798 437 1842 Caetera
455 1800 528 1856 qui
549 1800 648 1842 vitae
667 1809 848 1843 servaret
868 1801 1011 1843 munia
1030 1809 1142 1843 recto

271 1869 424 1917 More;
455 1869 589 1911 bonus
610 1884 707 1912 sane
729 1869 908 1922 vicinus,
937 1869 1127 1912 amabilis
1147 1869 1313 1925 hospes,

270 1935 414 1978 Comis
433 1936 478 1978 in
497 1951 682 1986 uxorem,
703 1946 841 1992 posset
861 1937 933 1994 qui
954 1938 1166 1994 ignoscere
1187 1938 1332 1989 servis,

267 2004 330 2046 Et
352 2004 471 2059 signo
491 2004 590 2046 laeso
610 2019 693 2046 non
714 2005 894 2047 insanire
914 2005 1090 2060 lagenae,

267 2072 416 2114 Posset
435 2072 507 2128 qui
527 2087 672 2129 rupem
694 2081 735 2115 et
756 2081 927 2129 puteum
950 2073 1080 2115 vitare
1099 2082 1324 2128 patentem.
1518 2077 1601 2118 135

268 2140 356 2182 Hie
377 2140 448 2182 ubi
469 2149 738 2196 cognatorum
760 2141 908 2196 opibus
929 2141 1119 2196 curisque
1139 2140 1332 2189 refectus,

267 2207 447 2263 Expulit
466 2207 676 2249 helleboro
699 2208 904 2259 morbum,
923 2207 1132 2263 bilemque
1152 2221 1327 2260 meram,

267 2277 329 2317 Et
349 2274 456 2318 redit
476 2275 531 2317 ad
551 2290 640 2318 sese
657 2292 669 2324 ς
704 2274 799 2326 Pol,
819 2290 885 2318 me
905 2275 1113 2317 occidistis
1133 2276 1270 2328 amici,

267 2345 366 2387 Non
388 2342 596 2394 servastis,
619 2343 692 2396 ait,
715 2343 782 2386 cui
804 2343 862 2386 sic
883 2351 1041 2386 extorta
1060 2343 1267 2400 voluptaS‚

267 2414 329 2455 Et
349 2412 514 2454 demtus
534 2426 610 2468 per
629 2411 714 2453 vim
735 2411 885 2454 mentis
904 2411 1162 2467 gratissimus
1183 2428 1308 2455 error.
1514 2419 1599 2460 140

267 2481 306 2529 ἾῙ
322 2480 534 2524 Nimirum
559 2494 702 2536 sapere
722 2488 784 2522 est
805 2480 976 2536 abjectis
996 2480 1102 2523 utile
1120 2481 1258 2537 nugis,

268 2547 329 2591 Et
348 2548 639 2604 tempestivum
661 2548 800 2605 pueris
821 2549 1044 2591 concedere
1068 2549 1214 2591 ludum
1236 2565 1248 2597 ;

267 2617 330 2658 Ac
348 2630 431 2658 non
453 2617 580 2658 verba
600 2616 715 2673 sequi
736 2616 890 2659 fidibus
909 2617 1163 2659 modulanda
1184 2617 1365 2670 Latinis,

269 2685 353 2727 Sed
373 2699 482 2727 verae
501 2699 775 2740 numerosque
796 2685 1021 2742 modosque
1041 2685 1223 2728 ediscere
1244 2685 1356 2728 vitae.

268 2753 472 2806 Quocirca
492 2767 652 2795 mecum
674 2754 819 2809 loquor
838 2754 945 2805 haec,
968 2753 1199 2810 tacitusque
1219 2757 1434 2805 recordor-3
1513 2759 1601 2799 145⁴

268 2823 313 2865 Si
336 2821 410 2865 tibi
431 2821 545 2864 nulla
566 2821 676 2863 sitim
699 2820 835 2863 finiret
856 2821 974 2876 copia
994 2822 1194 2877 lympha»,
