1962 3268
327 263 412 305 140
757 280 797 310 Q.
824 268 1020 308 Ho'RA‘rn
1053 276 1216 311 FLAcm

441 377 525 419 Seu
544 390 645 420 voce
664 391 775 421 nunc
794 379 925 422 mavis
941 388 1077 432 acuta,

500 445 583 487 Sue
602 445 756 489 fidibus
777 447 1015 504 citharaque
1036 449 1202 492 Phoebi.

381 511 578 555 Auditis?
599 529 652 556 an
672 529 738 557 me
756 515 866 558 ludit
886 516 1076 559 amabilis

383 580 579 623 Insania?
601 582 745 624 audire
764 591 806 625 et
825 583 968 626 videor
983 584 1084 640 piosv

438 649 590 691 Errare
608 663 682 705 per
699 650 828 703 lucos,
850 665 1022 694 amoenae

494 717 608 767 Quos
629 726 670 759 et
690 733 807 774 aquae
828 720 1005 762 subeunt
1025 729 1066 763 et
1086 736 1209 764 aurae.

377 783 453 826 Me
470 783 667 826 fabulosae
688 786 863 828 Vulture
881 783 924 828 in
944 789 1126 844 Appulo,

377 852 564 894 Nutricis
580 860 695 895 extra
714 853 840 895 limen
854 855 1043 909 Apuliae,

435 919 561 961 Ludo
579 919 878 977 fatigatumque
898 936 1055 975 somno,

491 987 658 1029 Fronde
673 1002 780 1030 nova
799 1003 972 1044 puerum
991 990 1207 1046 palumbes

378 1055 565 1103 Texere3
598 1054 747 1096 mirum
763 1057 874 1112 quod
893 1054 997 1100 foret
1017 1059 1222 1110 omnibus,

375 1120 620 1177 Quicunque
639 1122 759 1164 celsae
778 1123 921 1166 nidum
945 1124 1227 1178 Acherontiae,

433 1189 652 1245 Saltusque
673 1191 889 1244 Bantinos,
913 1201 954 1235 et
975 1208 1120 1236 arvum

488 1256 652 1312 Pingue
672 1266 813 1301 tenent
831 1259 1003 1302 humilis
1017 1262 1203 1313 Ferenti,

374 1323 439 1365 Ut
459 1331 549 1365 tuto
569 1325 620 1366 ab
641 1325 740 1367 atris
763 1341 930 1383 corpore
945 1327 1097 1383 viperis

373 1390 608 1433 Dormirem
630 1397 672 1434 et
691 1393 797 1434 ursis
814 1410 826 1442 ;
858 1404 913 1444 ut⁴
925 1410 1130 1451 premerer
1149 1412 1262 1440 sacra

431 1460 668 1515 Lauroque‚
689 1461 918 1517 collataque
939 1472 1089 1518 myrto,

487 1527 584 1568 Non
604 1527 692 1569 sine
704 1527 799 1570 Diis
819 1529 1026 1572 animosus
1047 1530 1194 1573 infans.

371 1596 533 1646 Vester,
557 1595 783 1648 Camoenae,
799 1605 934 1639 vester
953 1597 997 1639 in
1017 1599 1167 1640 arduos
1223 1619 1228 1624 ·

373 1664 520 1705 Tollor
542 1664 740 1713 Sabinos3
773 1679 845 1707 seu
866 1665 968 1707 mihi
987 1665 1187 1722 frigidum

426 1731 651 1782 Praeneste,
666 1746 739 1773 seu
760 1732 896 1774 Tibur
917 1733 1124 1789 supinum,

486 1799 569 1839 Seu
588 1798 757 1854 liquidae
777 1799 967 1854 placuere
989 1798 1119 1843 Baiae.

368 1863 530 1907 *Vestris
549 1866 726 1907 amicum
746 1867 929 1909 fontibus
951 1877 992 1910 et
1012 1868 1162 1921 choris,

369 1934 467 1974 Non
486 1947 552 1974 me
573 1932 782 1988 Philippis
800 1948 916 1976 versa
937 1935 1049 1980 acies,
1063 1945 1186 1987 retro,

425 2002 592 2042 Devota
611 2014 694 2041 non
715 2000 892 2060 extinxit
911 2002 1043 2053 arbos,

485 2068 575 2109 Nec
597 2067 736 2109 Sicula
757 2067 979 2111 Palinurus
999 2071 1124 2112 unda.

368 2136 594 2190 Utcunque
613 2149 774 2177 mecum
794 2150 867 2178 vos
886 2137 1014 2189 eritis,
1035 2138 1168 2181 libens

369 2202 648 2245 Insanientem
668 2203 808 2246 navita
829 2205 1059 2260 Bosporum

426 2270 633 2321 Tentabo‚
654 2279 695 2312 et
715 2279 873 2313 arentes
893 2287 1035 2315 arenas

481 2338 663 2391 Littorisv
672 2339 833 2393 Assyrii
853 2339 985 2382 viator
994 2357 1004 2381 ε

368 2406 508 2448 Visam
529 2406 752 2448 Britannos
773 2406 1004 2462 hospitibus
1023 2408 1144 2458 feros,

367 2477 428 2518 Et
448 2475 590 2516 laetum
611 2474 760 2530 equino
781 2475 979 2530 sanguine
1001 2477 1239 2519 Concanum
1258 2494 1267 2520 ε

424 2542 563 2583 Visam
583 2541 839 2596 pharetratos
861 2543 1044 2584 Gelonos

375 2656 377 2660 ¹
480 2611 541 2651 Et
564 2609 802 2664 Scythicum
825 2610 1044 2652 inviolatus
1063 2625 1237 2654 amnem.

366 2681 451 2721 Vos
473 2679 677 2720 Caesarem
698 2677 843 2728 altum,
865 2678 1011 2719 militia
1031 2678 1153 2721 simul

367 2748 515 2789 Fessas
535 2745 719 2788 cohortes
739 2745 901 2787 abdidit
920 2745 1097 2800 oppidis,

1586 859 1642 901 10

1585 1198 1635 1239 15

1581 1535 1637 1576 20

1576 1874 1632 1914 25

1568 2548 1625 2589 35
