1962 3268
646 311 901 339 SRRMONUM
936 311 1024 339 ΜΒ.
1059 313 1110 340 11.
1146 300 1182 340 l.
1521 300 1579 340 33

238 410 425 466 Pugnis:
455 420 558 466 quot
578 411 761 466 capitum
784 411 948 462 vivunt,
971 412 1142 453 totidem
1166 413 1397 455 studiorum

236 477 378 520 Millia
395 494 404 520 :
438 492 503 520 me
523 478 699 534 pedibus
717 478 898 520 delectat
918 478 1110 521 claudere
1126 481 1264 531 verba,

237 546 379 590 Lucili
397 546 496 597 ritu,
516 554 702 588 nostrum
724 545 904 588 melioris
918 554 1104 602 utroque.

237 614 319 656 Ille
339 614 455 656 velut
473 613 568 661 fidis
587 628 737 656 arcana
758 613 968 655 sodalibus
989 614 1087 655 olim
1512 617 1570 657 30

234 682 442 724 Credebat
461 681 604 730 libris;
637 696 786 738 neque,
807 681 842 723 si
858 681 965 723 male
985 689 1178 730 cesserat,
1202 695 1375 738 usquam

233 749 470 792 Decurrens
490 749 587 800 alio,
609 760 743 806 neque
768 749 802 791 si
823 750 930 791 bene
947 766 956 791 :
990 764 1073 805 quo
1093 749 1142 791 fit
1168 758 1215 790 ut
1236 751 1368 792 omnis

234 817 385 859 Votiva
403 825 544 873 pateat
565 817 693 860 veluti
714 817 922 873 descripta
942 817 1095 861 tabella

232 881 331 924 Vita
350 882 471 924 senis.
535 883 694 938 Sequor
713 882 840 933 hunc,
863 883 1059 925 Lucanus
1081 897 1131 925 an
1155 884 1364 939 Appulus,
1386 900 1561 940 anceps:

232 951 343 992 Nam
365 950 602 992 Venusinus
622 959 710 993 arat
732 951 852 993 finem
875 952 953 993 sub
972 960 1194 1007 utrumque
1214 952 1399 1004 colonus,
1507 955 1563 995 35

230 1018 390 1072 Missus
411 1020 465 1061 ad
479 1019 558 1061 hoc
573 1019 704 1075 pulsis
723 1017 867 1071 (vetus
883 1028 946 1062 est
967 1027 1014 1061 ut
1026 1019 1156 1074 fama)
1181 1019 1361 1062 Sabellis
1378 1039 1390 1069 ς

230 1088 326 1139 Quo
345 1102 398 1130 ne
418 1103 492 1144 per
511 1102 688 1129 vacuum
710 1089 906 1130 Romano
927 1088 1154 1130 incurreret
1173 1088 1306 1130 hostis
1318 1106 1330 1130 ε

231 1155 330 1197 Sive
350 1156 462 1211 quod
481 1155 650 1211 Appula
669 1170 786 1212 gens,
809 1171 880 1198 seu
901 1157 1012 1211 quod
1035 1156 1226 1198 Lucania
1246 1157 1402 1199 bellum

229 1222 445 1266 Incuteret
463 1224 657 1272 violenta.
720 1225 803 1265 Sed
824 1224 893 1265 hic
913 1224 1032 1266 stilus
1053 1223 1167 1266 haud
1187 1233 1301 1280 petet
1320 1226 1431 1267 ultro

225 1293 488 1349 Quemquam
508 1292 758 1334 animantem
775 1309 789 1341 ;
822 1301 864 1334 et
884 1307 950 1334 me
971 1292 1102 1333 veluti
1123 1293 1332 1335 custodiet
1353 1294 1462 1336 ensis
1509 1295 1566 1335 40

228 1360 392 1416 Vagina
413 1368 561 1411 tectus,
577 1374 698 1416 quem
722 1375 794 1402 cur
814 1360 1070 1416 destringere
1091 1375 1227 1412 coner,

226 1429 372 1471 Tutus
392 1428 445 1470 ab
464 1427 627 1470 infestis
646 1419 907 1471 latronibus?
970 1430 1009 1471 O
1031 1437 1149 1484 pater
1169 1439 1211 1471 et
1231 1445 1303 1472 rex

225 1497 412 1553 Jupiter,
432 1505 481 1538 ut
500 1505 640 1552 pereat
661 1497 841 1552 positum
863 1497 1056 1551 rubigine
1077 1498 1222 1548 telum,

228 1565 320 1607 Nec
339 1564 555 1620 quisquam
576 1573 721 1606 noceat
746 1564 897 1620 cupido
918 1564 1022 1605 mihi
1042 1565 1156 1619 pacis
1176 1568 1185 1607 Ξ
1220 1574 1262 1607 at
1282 1566 1368 1617 ille,

227 1632 314 1684 Qui
333 1646 399 1674 me
420 1631 635 1674 comm6rit
658 1629 840 1682 (Melius
860 1647 943 1673 non
972 1640 1141 1688 tangere
1161 1636 1170 1675 !
1203 1634 1355 1688 clamo)
1509 1636 1566 1676 45

228 1700 384 1751 Flebit,
405 1708 448 1742 et
467 1699 642 1755 insignis
664 1708 750 1742 tota
771 1699 1004 1742 cantabitur
1024 1701 1138 1742 urbe.

226 1769 404 1813 Cervius
419 1769 549 1811 iratus
570 1769 682 1824 leges
703 1768 920 1811 minitatur
947 1777 988 1811 et
1009 1783 1154 1811 urnam
1172 1786 1184 1817 ς

226 1836 420 1889 Canidia,
442 1837 609 1886 Albuti,
630 1837 779 1892 quibus
800 1846 862 1879 est
882 1836 1066 1888 inimica,
1088 1851 1293 1879 venenum
1311 1855 1323 1886 ς

225 1906 399 1949 Grande
418 1904 573 1947 malum
596 1904 771 1954 Turius,
794 1904 932 1960 siquid
953 1919 996 1946 se
1014 1905 1159 1960 judice
1180 1915 1324 1948 certes„

223 1976 304 2026 Ut,
325 1989 407 2031 quo
426 1973 600 2030 quisque
619 1973 745 2024 valet,
767 1981 978 2029 suspectos
1000 1982 1165 2024 terreat,
1186 1983 1315 2031 utque
1497 1977 1556 2017 50

225 2045 410 2100 Imperet
428 2041 509 2084 hoc
529 2050 677 2084 natura
696 2051 859 2098 potens,
882 2041 940 2083 sic
961 2041 1110 2097 collige
1131 2057 1306 2085 mecum.

224 2114 364 2155 Dente
382 2112 523 2167 lupus,
544 2126 671 2153 cornu
693 2120 834 2152 taurus
852 2109 958 2165 petit
976 2126 987 2158 ;
1020 2110 1147 2161 unde,
1169 2110 1249 2152 nisi
1270 2111 1383 2152 intus

225 2181 539 2223 Monstratum?
573 2179 729 2220 Scaevae
749 2178 934 2219 vivacem
957 2178 1077 2219 crede
1096 2179 1238 2234 nepoti

223 2249 409 2290 Matrem
426 2263 436 2288 :
468 2246 529 2288 nil
547 2245 673 2288 faciet
693 2245 855 2287 sceleris
875 2245 945 2299 pia
965 2245 1134 2287 dextera
1156 2246 1320 2298 (mirum
1339 2263 1349 2288 ε

223 2317 289 2358 Ut
301 2329 434 2371 neque
450 2313 560 2355 calce
573 2313 698 2369 lupus
711 2327 973 2368 quemquam,
991 2327 1124 2369 neque
1137 2315 1260 2356 dente
1272 2315 1378 2370 petit
1390 2314 1480 2367 bos)
1498 2316 1555 2356 55

225 2384 310 2427 Sed
328 2383 437 2425 mala
458 2382 575 2424 tollet
594 2396 719 2424 anum
741 2381 889 2423 vitiato
909 2381 1032 2423 melle
1056 2382 1203 2424 cicuta.

222 2455 291 2497 Ne
310 2453 480 2508 longum
495 2450 667 2494 faciam:
702 2466 775 2492 seu
795 2465 861 2492 me
882 2451 1111 2506 tranquilla
1131 2459 1321 2493 senectus

221 2522 466 2577 Exspectat,
488 2534 560 2562 seu
580 2534 688 2561 mors
709 2518 809 2562 atris
839 2519 1108 2563 circumvolat
1128 2521 1203 2563 alis
1221 2537 1232 2569 ;

221 2588 369 2639 Dives,
390 2588 525 2644 inops,
547 2589 712 2638 Romae,
735 2602 807 2630 seu
826 2587 910 2629 fors
930 2587 990 2630 ita
1004 2588 1179 2644 jusserit
1195 2588 1327 2640 exsul,

220 2655 420 2712 Quisquis
440 2655 518 2697 erit
537 2655 652 2706 vitae,
675 2656 864 2707 scribam,
888 2657 1010 2698 color.
1073 2657 1110 2705 ἿῘ
1134 2659 1172 2700 Ο
1203 2673 1322 2714 puer,
1344 2666 1391 2700 ut
1412 2658 1466 2701 sis
1497 2658 1554 2702 60

220 2723 388 2775 vitalis,
405 2732 544 2766 metuo
561 2741 573 2774 ς
606 2733 648 2767 et
666 2725 867 2781 majorum
884 2740 936 2767 ne
956 2725 1049 2782 quis
1070 2726 1226 2769 amicus

220 2792 392 2848 Frigore
413 2800 455 2834 te
474 2791 607 2834 feriat.
669 2793 706 2841 ἿῘ
726 2788 838 2844 Quid
857 2796 874 2835 ?
906 2809 998 2836 cum
1022 2803 1084 2837 est
1106 2794 1298 2837 Lucilius
1320 2810 1444 2838 ausus

1347 2878 1375 2904 D
