1962 3268
348 321 444 373 21&
778 336 819 366 α.
849 337 1045 366 norm-ru
1080 338 1245 368 FLAccr

406 432 541 474 Misce
561 433 777 476 stultitiam
799 435 979 478 consiliis
1000 437 1163 480 brevem
1182 455 1192 479 ;

519 501 654 543 Dulce
675 491 736 544 cst
756 502 941 557 desipere
959 503 1004 546 in
1024 504 1127 547 loco.
1948 509 1962 648 {¹

780 658 1251 668 ww
1957 650 1962 728 1

708 749 835 790 ODE
867 749 1011 791 XIII.
1076 748 1144 799 (Μ.
1169 756 1306 802 xvii.)

875 878 937 904 An
969 867 1136 906 LYcim.

402 964 670 1010 Anmvmm,
694 961 825 1015 Lyce,
849 961 925 1002 Dii
945 975 1036 1003 mea
1056 970 1181 1010 vota3
1216 964 1290 1004 Dii

398 1028 620 1076 Audivere,
644 1028 783 1082 Lyce:
816 1027 865 1069 fis
886 1042 1003 1081 anus,
1024 1036 1066 1070 et
1086 1037 1223 1071 tamen

458 1094 532 1135 Vis
550 1095 726 1136 formosa
744 1094 875 1136 videri
891 1111 903 1143 3

514 1161 744 1217 Ludisque,
767 1170 808 1203 et
828 1162 934 1204 bibis
953 1163 1186 1218 impudens,

399 1230 460 1270 Et
480 1237 604 1271 cantu
623 1229 796 1271 tremulo
816 1238 914 1285 pota
936 1230 1186 1285 Cupidinem
1637 1239 1669 1278 5

402 1298 584 1338 Lentum
607 1297 788 1339 solicitas
806 1314 818 1346 ς
851 1298 921 1339 ille
941 1297 1111 1339 virentis
1132 1306 1173 1340 et

459 1366 607 1406 Doctae
627 1364 800 1419 psallere
822 1364 942 1406 Chiae

515 1431 711 1474 Pulchris
733 1433 907 1474 excubat
927 1432 968 1473 in
990 1433 1120 1487 genis.

402 1502 670 1555 Importunus
691 1499 798 1541 enim
820 1498 1045 1541 transvolat
1065 1499 1201 1540 aridas

400 1570 598 1619 QuercuS‚
621 1576 662 1609 et
680 1566 834 1621 refugit
854 1575 909 1617 te,
930 1565 1026 1621 quia
1045 1565 1168 1607 luridi
1610 1570 1665 1610 10

456 1636 630 1686 Dentes,
653 1643 694 1676 te
714 1634 810 1689 quia
829 1648 945 1688 rugae

511 1703 704 1757 Turpant
725 1710 766 1743 et
786 1700 932 1756 capitis
952 1700 1082 1742 nives.

399 1770 440 1810 N
443 1783 489 1811 ec
511 1770 611 1811 Coae
631 1768 812 1811 referunt
825 1768 913 1824 jam
936 1768 1011 1810 tibi
1031 1782 1240 1823 purpurae,

397 1837 488 1878 Nec
509 1836 607 1877 clari
626 1835 799 1890 lapides,
821 1844 1019 1891 tempora,
1041 1849 1132 1891 quae
1154 1836 1278 1877 semel

456 1904 579 1945 Notis
600 1903 764 1945 condita
783 1903 898 1945 fastis
1606 1905 1661 1946 15

513 1970 691 2011 Inclusit
711 1970 888 2010 volucris
909 1970 1007 2011 dies.

398 2040 490 2088 Quo
510 2036 618 2091 fugit
639 2037 778 2077 Venus
796 2038 812 2076 ?
845 2037 971 2076 Heu!
1004 2050 1136 2089 quove
1156 2036 1294 2076 color?
1327 2036 1474 2078 decens
1860 2061 1870 2080 x

394 2107 487 2156 Quo
506 2102 673 2144 motus?
706 2103 806 2157 quid
825 2102 952 2143 habes
973 2102 1098 2154 iuius,
1121 2102 1248 2152 iuius,
1907 2090 1921 2099 ‘

450 2174 554 2223 Quae
575 2170 755 2226 spirabat
777 2184 951 2220 amores,

506 2240 610 2289 Quae
631 2253 696 2280 me
716 2245 930 2292 surpuerat
946 2236 1082 2277 mihi?
1597 2243 1657 2290 20

393 2306 514 2348 Felix
534 2314 626 2361 post
649 2305 858 2354 Cinaram,
880 2312 1056 2359 notaque
1077 2312 1118 2345 et
1138 2303 1287 2345 artium

395 2375 622 2415 Gratarum·
637 2372 787 2414 facies:
821 2372 893 2413 sed
915 2371 1080 2413 Cinarae
1098 2372 1241 2413 breves

450 2441 598 2481 Annos
617 2439 702 2481 fata
722 2439 939 2488 dederunt,

508 2508 727 2548 Servatura
747 2506 819 2547 diu
839 2520 979 2560 parem

391 2571 576 2616 Cornicis
597 2574 747 2615 vetulae
769 2573 1020 2628 temporibus
1043 2573 1212 2627 Lyccn;
1595 2576 1652 2614 25

329 2653 332 2657 ’
386 2644 560 2684 Possent
580 2650 626 2682 ut
641 2642 817 2695 juvenes
837 2641 967 2682 visere
987 2640 1151 2689 fervidi,

442 2709 584 2750 Multo
604 2723 687 2749 non
707 2708 793 2750 sine
808 2708 908 2759 risu,

500 2776 723 2831 Delapsam
743 2776 787 2817 in
803 2775 957 2818 cineres
978 2775 1121 2818 facem,
