1962 3268
780 560 833 604 Q.
861 561 1104 600 HORATII
1133 561 1329 601 FLACCI

580 672 1536 738 EPISTOLARUM

803 808 968 847 LIBER
996 808 1301 848 SECUNDUS.

860 1001 1175 1043 EPISTOLA
1207 1002 1244 1042 Ι.

871 1111 932 1138 AD
964 1110 1222 1138 AUGUSTUM.

393 1202 498 1243 CUM
521 1210 581 1243 tot
601 1203 801 1244 sustineas
821 1211 862 1244 et
882 1210 998 1244 tanta
1017 1201 1182 1256 negotia
1203 1200 1328 1252 solus,

391 1269 476 1310 Res
499 1271 628 1312 Italas
649 1271 771 1312 armis
791 1270 951 1321 tuteris,
973 1269 1153 1311 moribus
1173 1282 1306 1317 ornes,

392 1336 577 1390 Legibus
598 1339 788 1380 emendes
805 1354 817 1386 ;
849 1338 891 1378 in
913 1335 1077 1391 publica
1097 1334 1310 1376 commoda
1329 1347 1508 1388 peccem,

392 1403 438 1444 Si
458 1403 581 1458 longo
601 1419 786 1446 sermone
806 1418 938 1445 morer
958 1412 1029 1444 tua
1050 1411 1247 1457 tempora,
1270 1402 1422 1443 Caesar.

390 1470 611 1522 Romulus,
631 1479 672 1512 et
692 1471 820 1512 Liber
839 1479 969 1525 pater,
991 1477 1032 1510 et
1052 1483 1144 1510 cum
1167 1470 1337 1509 Castore
1357 1468 1522 1519 Pollux,
1682 1473 1708 1512 5

390 1537 493 1577 Post
513 1536 698 1592 ingentia
717 1538 826 1580 facta
846 1538 1032 1578 Deorum
1053 1535 1096 1576 in
1118 1535 1272 1590 templa
1290 1535 1460 1590 recepti,

390 1603 504 1644 Dum
528 1612 653 1646 terras
672 1604 967 1660 hominumque
987 1603 1127 1645 colunt
1146 1616 1292 1656 genuS,
1313 1616 1456 1657 aspera
1474 1602 1582 1645 bella

390 1671 671 1725 Componunt,
693 1687 810 1726 agros
831 1672 1054 1726 assignant,
1076 1669 1228 1724 oppida
1247 1669 1457 1716 condunt3

389 1737 609 1780 Ploravere
629 1739 713 1781 suis
734 1754 816 1780 non
836 1738 1079 1794 respondere
1098 1737 1279 1778 savorem

391 1805 607 1858 Speratum
628 1807 806 1848 meritis:
840 1806 971 1848 diram
992 1805 1063 1860 qui
1083 1803 1272 1846 contudit
1293 1804 1500 1859 Hydram,
1655 1804 1710 1844 10

389 1871 580 1926 Notaque
599 1873 715 1915 fatali
734 1882 923 1928 portenta
942 1873 1078 1915 labore
1099 1870 1275 1926 subegit,

389 1937 602 1991 Comperit
617 1939 815 1981 invidiam
837 1954 1025 1994 supremo
1044 1939 1126 1980 fine
1146 1937 1315 1979 domari.

388 2003 488 2044 Urit
508 2004 616 2044 enim
635 2005 795 2058 fulgore
815 2020 903 2055 suo,
925 2005 996 2058 qui
1015 2012 1246 2058 praegravat
1266 2012 1371 2044 artes

389 2069 505 2111 Infra
525 2085 567 2111 se
586 2071 763 2125 positas:
795 2070 1002 2112 extinctus
1021 2069 1223 2110 amabitur
1242 2069 1363 2109 idem.

390 2137 589 2178 Praesenti
610 2138 685 2179 tibi
705 2145 884 2179 maturos
904 2137 1102 2191 largimur
1119 2135 1307 2185 honores,
1653 2137 1707 2177 15

386 2205 677 2260 Jurandasque
697 2213 814 2246 tuum
834 2218 906 2258 per
926 2217 1074 2244 nomen
1095 2202 1285 2256 ponimus
1305 2215 1410 2251 aras,

387 2271 463 2312 Nil
483 2271 680 2313 oriturum
703 2272 817 2323 alias,
838 2271 899 2312 nil
917 2280 1051 2312 ortum
1073 2270 1155 2311 tale
1173 2270 1363 2310 fatentes.

389 2338 472 2378 Sed
492 2346 587 2379 tuus
606 2338 684 2392 hoc
705 2338 881 2393 populus
902 2338 1062 2391 sapiens
1084 2345 1124 2378 et
1138 2337 1277 2391 justus
1299 2336 1343 2376 in
1365 2350 1462 2385 uno,

388 2405 455 2445 Te
474 2406 623 2446 nostris
643 2406 830 2454 ducibus,
853 2414 893 2446 te
915 2405 1053 2446 Graiis
1074 2403 1350 2452 anteferendo‚

355 2475 358 2480 '
388 2472 551 2514 Caetera
569 2487 825 2528 nequaquam
847 2471 970 2512 simili
990 2471 1148 2512 ratione
1169 2469 1370 2523 modoque
1647 2469 1705 2508 20

387 2537 612 2586 AEstimat3
646 2548 701 2589 et,
722 2539 801 2580 nisi
821 2553 912 2594 quae
934 2537 1050 2579 terris
1073 2545 1226 2578 semota
1246 2535 1408 2589 suisque

336 2654 339 2658 .
389 2605 664 2659 Temporibus
684 2605 878 2647 defuncta
898 2605 1024 2654 videt,
1044 2603 1203 2644 fastidit
1223 2610 1264 2643 et
1284 2601 1389 2642 odit:

387 2671 456 2712 Sic
474 2671 610 2712 fautor
628 2681 826 2721 veterum,
848 2681 895 2712 ut
915 2670 1072 2712 tabulas
1092 2683 1258 2723 peccare
1278 2675 1476 2717 vetantes,

386 2739 499 2788 Quas
518 2738 580 2779 bis
600 2739 779 2794 quinque
798 2738 876 2779 viri
895 2744 1130 2786 sanxerunt,
1149 2735 1304 2776 foedera
1322 2749 1464 2789 regum

387 2806 463 2847 Vel
484 2806 629 2848 Gabiis
650 2807 717 2848 vel
736 2820 828 2848 eum
850 2805 993 2860 rigidis
1012 2811 1171 2857 aequata
1194 2801 1371 2852 SabiniS,
1645 2803 1700 2841 25
