1962 3268
745 324 1000 354 οΑιιΜιΝῑῐΜ
1033 325 1122 354 mn.
1159 325 1230 354 111.
1263 312 1302 353 4.

477 426 623 470 Finire
641 434 894 482 quaerentem
915 425 1089 478 labores,

535 494 676 538 Pierio
696 493 890 536 recreatis
910 502 1043 536 antro.

422 565 506 607 Vos
526 563 620 605 lene
639 559 857 604 consilium
879 568 921 602 et
941 560 1066 612 datis,
1087 569 1128 602 et
1148 561 1246 603 dato

423 629 632 674 Gaudetis
653 629 789 671 almae.
851 628 1014 670 Scimus
1035 636 1083 670 ut
1102 627 1252 684 impios

479 698 660 741 Titanas
681 696 988 752 immanemque
1009 705 1188 739 turmam

539 764 737 808 Fulmine
758 764 973 807 sustulerit
993 765 1166 817 caduco,

424 833 510 886 Qui
530 842 680 876 terram
702 832 893 884 inertem,
914 833 987 889 qui
1007 847 1119 876 mare
1139 841 1342 889 temperat

422 903 670 953 Ventosum,
692 909 734 944 et
753 902 894 954 urbes,
915 916 1125 958 regnaque
1145 901 1295 953 tristia,

486 969 719 1026 Divosque,
743 969 1018 1026 mortalesque
1040 969 1181 1012 turbas

542 1038 727 1095 Imperio
747 1038 856 1094 regit
876 1053 985 1081 unus
1006 1052 1141 1095 aequo.

429 1107 640 1162 Magnum
662 1105 735 1148 illa
755 1106 1172 1149 terroremintulerat
1193 1108 1224 1149 J
1226 1107 1295 1149 ovi

429 1174 588 1217 Fidens
600 1175 803 1230 juventus
823 1174 991 1217 horrida
1010 1175 1204 1227 brachiis,

488 1243 741 1299 Fratresque
761 1243 981 1285 tendentes
1003 1257 1131 1299 opaco

544 1310 693 1353 Pelion
714 1310 961 1367 imposuisse
981 1311 1178 1368 Olympo.

433 1378 518 1422 Sed
537 1378 640 1436 quid
657 1378 890 1435 Typhoeus
912 1387 954 1422 et
973 1379 1137 1422 validus
1159 1380 1332 1434 Mimas,

428 1448 524 1490 Aut
543 1446 646 1503 quid
660 1446 813 1489 minaci
835 1447 1100 1504 Porphyrion
1122 1457 1249 1501 statu,

491 1516 607 1568 Quid
630 1515 837 1567 Rhoecus,
859 1516 1095 1572 evulsisque
1116 1517 1277 1560 truncis

549 1583 792 1626 Enceladus
805 1583 1013 1639 jaculator
1033 1584 1189 1635 audax,

435 1652 594 1694 Contra
614 1660 828 1694 sonantem
850 1651 1036 1694 Palladis
1055 1651 1192 1707 aegida

436 1720 615 1762 Possent
633 1722 831 1762 ruentes?
864 1719 981 1762 Hinc
1000 1720 1148 1762 avidus
1167 1721 1283 1763 stetit

494 1789 722 1841 Vulcanus,
743 1789 844 1832 hinc
863 1798 1050 1833 matrona
1069 1790 1101 1831 J
1103 1804 1204 1843 uno,
1225 1799 1267 1832 et

552 1857 779 1913 Nunquam
799 1856 984 1900 humeris
1003 1858 1213 1914 positurus
1234 1873 1390 1910 arcum,

438 1924 523 1976 Qui
542 1939 634 1967 rore
654 1939 759 1981 puro
776 1925 972 1968 Castaliae
991 1926 1095 1968 lavit

442 1992 593 2036 Crines
613 1993 785 2045 solutos,
806 1994 879 2050 qui
900 1994 1048 2050 Lyciae
1069 2003 1182 2038 tenet

497 2061 684 2104 Dumeta
702 2062 964 2120 natalemque
983 2063 1146 2115 silvam,

549 2130 700 2172 Delius
720 2139 762 2172 et
783 2132 986 2173 Patareus
1007 2132 1179 2187 Apollo.

434 2198 519 2239 V1s
539 2197 685 2239 consili
705 2212 850 2254 expers
871 2198 980 2240 mole
994 2199 1078 2240 ruit
1099 2215 1198 2241 sua:

445 2264 542 2306 Vim
565 2273 835 2320 temperatam
856 2266 932 2307 Dii
953 2281 1116 2322 quoque
1136 2267 1372 2323 provehunt

502 2333 556 2374 In
578 2333 740 2389 majus;
773 2333 882 2376 ‘idem
904 2334 1028 2376 odere
1047 2335 1155 2378 vires

562 2397 703 2443 Omne
723 2400 838 2444 nefas
859 2402 997 2444 animo
1017 2412 1242 2447 moventes.

445 2467 588 2510 Testis
608 2482 791 2512 mearum
813 2469 1072 2513 centimanus
1095 2471 1240 2528 Gyges

446 2536 770 2589 Sententiarum,
793 2547 918 2581 notus
938 2546 980 2581 et
998 2539 1172 2596 integrae

505 2606 712 2649 Tentator
733 2606 865 2649 Orion
887 2607 1056 2660 Dianae,

561 2673 760 2730 Virginea
774 2675 958 2718 domitus
979 2676 1145 2732 sagitta.

452 2740 616 2796 Injecta
635 2743 828 2786 monstris
849 2752 958 2786 terra
977 2745 1089 2788 dolet
1105 2746 1216 2794 suis;

450 2808 690 2865 Moeretque
709 2820 852 2866 partus
872 2812 1046 2855 fulmine
1067 2813 1246 2856 luridum

1610 309 1691 351 141

1651 1178 1708 1219 50

1656 1857 1712 1902 60

1656 2199 1714 2243 65

1628 2513 1722 2598 ,70
