<?xml version="1.0" encoding="UTF-8"?>
<!DOCTYPE html PUBLIC "-//W3C//DTD XHTML 1.0 Transitional//EN"
    "http://www.w3.org/TR/xhtml1/DTD/xhtml1-transitional.dtd">
<html xmlns="http://www.w3.org/1999/xhtml" xml:lang="en" lang="en">
 <head>
  <title>
</title>
<meta http-equiv="Content-Type" content="text/html;charset=utf-8" />
  <meta name='ocr-system' content='tesseract 3.04.00' />
  <meta name='ocr-capabilities' content='ocr_page ocr_carea ocr_par ocr_line ocrx_word'/>
</head>
<body>
  <div class='ocr_page' id='page_1' title='image "./horatiusrestitut00horauoft_0417.png"; bbox 0 0 1962 3268; ppageno 0'>
   <div class='ocr_carea' id='block_1_1' title="bbox 0 0 112 802">
    <p class='ocr_par' dir='ltr' id='par_1_1' title="bbox 0 0 112 802">
     <span class='ocr_line' id='line_1_1' title="bbox 0 0 112 802; baseline 0 2466"><span class='ocrx_word' id='word_1_1' title='bbox 0 0 112 802; x_wconf 95' lang='lat' dir='ltr'> </span> 
     </span>
    </p>
   </div>
   <div class='ocr_carea' id='block_1_2' title="bbox 621 315 1589 359">
    <p class='ocr_par' dir='ltr' id='par_1_2' title="bbox 621 315 1589 359">
     <span class='ocr_line' id='line_1_2' title="bbox 621 315 1589 359; baseline -0.003 0"><span class='ocrx_word' id='word_1_2' title='bbox 621 330 946 359; x_wconf 71' lang='lat' dir='ltr'>Er1sT0LA1mM</span> <span class='ocrx_word' id='word_1_3' title='bbox 980 330 1070 358; x_wconf 70' lang='grc' dir='ltr'>ΜΒ.</span> <span class='ocrx_word' id='word_1_4' title='bbox 1102 331 1133 358; x_wconf 91' lang='lat'>1.</span> <span class='ocrx_word' id='word_1_5' title='bbox 1167 317 1235 359; x_wconf 90' lang='lat'>13.</span> <span class='ocrx_word' id='word_1_6' title='bbox 1505 315 1589 357; x_wconf 84' lang='lat'>185</span> 
     </span>
    </p>
   </div>
   <div class='ocr_carea' id='block_1_3' title="bbox 254 428 1593 1164">
    <p class='ocr_par' dir='ltr' id='par_1_3' title="bbox 257 428 1591 555">
     <span class='ocr_line' id='line_1_3' title="bbox 259 428 1591 485; baseline -0.002 -13"><span class='ocrx_word' id='word_1_7' title='bbox 259 430 306 473; x_wconf 91' lang='lat' dir='ltr'>Si</span> <span class='ocrx_word' id='word_1_8' title='bbox 325 430 460 473; x_wconf 84' lang='lat' dir='ltr'>ventri</span> <span class='ocrx_word' id='word_1_9' title='bbox 479 431 599 482; x_wconf 92' lang='lat' dir='ltr'>bene,</span> <span class='ocrx_word' id='word_1_10' title='bbox 620 431 655 473; x_wconf 94' lang='lat' dir='ltr'>si</span> <span class='ocrx_word' id='word_1_11' title='bbox 674 431 794 473; x_wconf 87' lang='lat' dir='ltr'>lateri</span> <span class='ocrx_word' id='word_1_12' title='bbox 815 439 877 472; x_wconf 90' lang='lat' dir='ltr'>est</span> <span class='ocrx_word' id='word_1_13' title='bbox 897 430 1154 485; x_wconf 89' lang='lat' dir='ltr'><strong>pedibusque</strong></span> <span class='ocrx_word' id='word_1_14' title='bbox 1174 429 1270 480; x_wconf 92' lang='lat' dir='ltr'>tuis,</span> <span class='ocrx_word' id='word_1_15' title='bbox 1292 428 1353 471; x_wconf 89' lang='lat' dir='ltr'>nil</span> <span class='ocrx_word' id='word_1_16' title='bbox 1563 430 1591 470; x_wconf 88' lang='grc'><strong><em>5</em></strong></span> 
     </span>
     <span class='ocr_line' id='line_1_4' title="bbox 257 497 1156 555; baseline -0.002 -15"><span class='ocrx_word' id='word_1_17' title='bbox 257 498 433 541; x_wconf 83' lang='lat' dir='ltr'>Divitiae</span> <span class='ocrx_word' id='word_1_18' title='bbox 448 507 642 555; x_wconf 88' lang='lat' dir='ltr'>poterunt</span> <span class='ocrx_word' id='word_1_19' title='bbox 661 499 820 553; x_wconf 86' lang='lat' dir='ltr'>regales</span> <span class='ocrx_word' id='word_1_20' title='bbox 839 497 990 539; x_wconf 86' lang='lat' dir='ltr'><strong>addere</strong></span> <span class='ocrx_word' id='word_1_21' title='bbox 1010 498 1156 553; x_wconf 88' lang='lat' dir='ltr'>majus.</span> 
     </span>
    </p>

    <p class='ocr_par' dir='ltr' id='par_1_4' title="bbox 259 565 1336 621">
     <span class='ocr_line' id='line_1_5' title="bbox 259 565 1336 621; baseline -0.005 -12"><span class='ocrx_word' id='word_1_22' title='bbox 259 567 304 609; x_wconf 90' lang='lat' dir='ltr'>Si</span> <span class='ocrx_word' id='word_1_23' title='bbox 325 566 432 609; x_wconf 88' lang='lat' dir='ltr'>forte</span> <span class='ocrx_word' id='word_1_24' title='bbox 452 567 494 609; x_wconf 89' lang='lat' dir='ltr'>in</span> <span class='ocrx_word' id='word_1_25' title='bbox 517 566 654 608; x_wconf 91' lang='lat' dir='ltr'>medio</span> <span class='ocrx_word' id='word_1_26' title='bbox 673 566 899 621; x_wconf 88' lang='lat' dir='ltr'>positorum</span> <span class='ocrx_word' id='word_1_27' title='bbox 922 566 1146 607; x_wconf 85' lang='lat' dir='ltr'>abstemius</span> <span class='ocrx_word' id='word_1_28' title='bbox 1166 565 1304 608; x_wconf 87' lang='lat' dir='ltr'>herbis</span> <span class='ocrx_word' id='word_1_29' title='bbox 1326 594 1336 604; x_wconf 85' lang='lat'><strong>.</strong></span> 
     </span>
    </p>

    <p class='ocr_par' dir='ltr' id='par_1_5' title="bbox 256 633 1175 689">
     <span class='ocr_line' id='line_1_6' title="bbox 256 633 1175 689; baseline -0.002 -13"><span class='ocrx_word' id='word_1_30' title='bbox 256 635 378 676; x_wconf 77' lang='lat' dir='ltr'>Vivis</span> <span class='ocrx_word' id='word_1_31' title='bbox 397 642 439 677; x_wconf 91' lang='lat' dir='ltr'>et</span> <span class='ocrx_word' id='word_1_32' title='bbox 459 634 606 685; x_wconf 87' lang='lat' dir='ltr'>urtica,</span> <span class='ocrx_word' id='word_1_33' title='bbox 627 634 685 675; x_wconf 92' lang='lat' dir='ltr'>sic</span> <span class='ocrx_word' id='word_1_34' title='bbox 706 634 820 675; x_wconf 89' lang='lat' dir='ltr'>vives</span> <span class='ocrx_word' id='word_1_35' title='bbox 840 633 1044 689; x_wconf 88' lang='lat' dir='ltr'>protinus,</span> <span class='ocrx_word' id='word_1_36' title='bbox 1065 642 1113 675; x_wconf 89' lang='lat' dir='ltr'>ut</span> <span class='ocrx_word' id='word_1_37' title='bbox 1134 643 1175 675; x_wconf 89' lang='lat' dir='ltr'>te</span> 
     </span>
    </p>

    <p class='ocr_par' dir='ltr' id='par_1_6' title="bbox 257 701 1231 757">
     <span class='ocr_line' id='line_1_7' title="bbox 257 701 1231 757; baseline 0 -14"><span class='ocrx_word' id='word_1_38' title='bbox 257 701 487 744; x_wconf 84' lang='lat' dir='ltr'><strong>Confestim</strong></span> <span class='ocrx_word' id='word_1_39' title='bbox 509 701 692 757; x_wconf 89' lang='lat' dir='ltr'>liquidus</span> <span class='ocrx_word' id='word_1_40' title='bbox 711 701 890 742; x_wconf 82' lang='lat' dir='ltr'>fortunae</span> <span class='ocrx_word' id='word_1_41' title='bbox 910 701 1024 741; x_wconf 88' lang='lat' dir='ltr'>rivus</span> <span class='ocrx_word' id='word_1_42' title='bbox 1044 701 1231 743; x_wconf 86' lang='lat' dir='ltr'>inauret:</span> 
     </span>
    </p>

    <p class='ocr_par' dir='ltr' id='par_1_7' title="bbox 255 767 1593 893">
     <span class='ocr_line' id='line_1_8' title="bbox 256 767 1593 824; baseline -0.002 -13"><span class='ocrx_word' id='word_1_43' title='bbox 256 768 336 811; x_wconf 90' lang='lat' dir='ltr'>Vel</span> <span class='ocrx_word' id='word_1_44' title='bbox 355 768 453 824; x_wconf 89' lang='lat' dir='ltr'>quia</span> <span class='ocrx_word' id='word_1_45' title='bbox 472 777 662 810; x_wconf 88' lang='lat' dir='ltr'>naturam</span> <span class='ocrx_word' id='word_1_46' title='bbox 684 778 844 810; x_wconf 88' lang='lat' dir='ltr'>mutare</span> <span class='ocrx_word' id='word_1_47' title='bbox 864 767 1042 823; x_wconf 89' lang='lat' dir='ltr'>pecunia</span> <span class='ocrx_word' id='word_1_48' title='bbox 1062 769 1194 811; x_wconf 88' lang='lat' dir='ltr'>nescit</span> <span class='ocrx_word' id='word_1_49' title='bbox 1211 785 1222 817; x_wconf 94' lang='lat'>;</span> <span class='ocrx_word' id='word_1_50' title='bbox 1537 769 1593 809; x_wconf 85' lang='lat'>10</span> 
     </span>
     <span class='ocr_line' id='line_1_9' title="bbox 255 836 1234 893; baseline 0.001 -15"><span class='ocrx_word' id='word_1_51' title='bbox 255 836 336 878; x_wconf 89' lang='lat' dir='ltr'>Vel</span> <span class='ocrx_word' id='word_1_52' title='bbox 354 836 452 893; x_wconf 88' lang='lat' dir='ltr'>quia</span> <span class='ocrx_word' id='word_1_53' title='bbox 466 844 620 878; x_wconf 58' lang='lat' dir='ltr'>&gt;cuncta</span> <span class='ocrx_word' id='word_1_54' title='bbox 641 844 763 892; x_wconf 91' lang='lat' dir='ltr'>putas</span> <span class='ocrx_word' id='word_1_55' title='bbox 783 851 868 878; x_wconf 87' lang='lat' dir='ltr'>una</span> <span class='ocrx_word' id='word_1_56' title='bbox 887 836 1042 878; x_wconf 86' lang='lat' dir='ltr'>virtute</span> <span class='ocrx_word' id='word_1_57' title='bbox 1062 836 1234 879; x_wconf 90' lang='lat' dir='ltr'>minora.</span> 
     </span>
    </p>

    <p class='ocr_par' dir='ltr' id='par_1_8' title="bbox 254 903 1200 960">
     <span class='ocr_line' id='line_1_10' title="bbox 254 903 1200 960; baseline 0.001 -14"><span class='ocrx_word' id='word_1_58' title='bbox 254 903 463 946; x_wconf 83' lang='lat' dir='ltr'><strong>Miramur</strong></span> <span class='ocrx_word' id='word_1_59' title='bbox 483 903 517 946; x_wconf 92' lang='lat' dir='ltr'>si</span> <span class='ocrx_word' id='word_1_60' title='bbox 539 904 770 946; x_wconf 88' lang='lat' dir='ltr'>Democriti</span> <span class='ocrx_word' id='word_1_61' title='bbox 792 919 917 960; x_wconf 91' lang='lat' dir='ltr'>pecus</span> <span class='ocrx_word' id='word_1_62' title='bbox 937 904 1025 945; x_wconf 90' lang='lat' dir='ltr'>edit</span> <span class='ocrx_word' id='word_1_63' title='bbox 1044 905 1200 960; x_wconf 86' lang='lat' dir='ltr'>agellos</span> 
     </span>
    </p>

    <p class='ocr_par' dir='ltr' id='par_1_9' title="bbox 256 971 1525 1096">
     <span class='ocr_line' id='line_1_11' title="bbox 256 971 1525 1029; baseline -0.002 -14"><span class='ocrx_word' id='word_1_64' title='bbox 256 972 488 1029; x_wconf 57' lang='lat' dir='ltr'>Cultaque,</span> <span class='ocrx_word' id='word_1_65' title='bbox 501 972 601 1014; x_wconf 91' lang='lat' dir='ltr'>dum</span> <span class='ocrx_word' id='word_1_66' title='bbox 622 986 791 1028; x_wconf 89' lang='lat' dir='ltr'>peregre</span> <span class='ocrx_word' id='word_1_67' title='bbox 811 981 874 1013; x_wconf 91' lang='lat' dir='ltr'>est</span> <span class='ocrx_word' id='word_1_68' title='bbox 894 971 1056 1013; x_wconf 87' lang='lat' dir='ltr'>animus</span> <span class='ocrx_word' id='word_1_69' title='bbox 1078 972 1165 1014; x_wconf 90' lang='lat' dir='ltr'>sine</span> <span class='ocrx_word' id='word_1_70' title='bbox 1186 987 1354 1028; x_wconf 86' lang='lat' dir='ltr'>corpore</span> <span class='ocrx_word' id='word_1_71' title='bbox 1374 972 1525 1014; x_wconf 84' lang='lat' dir='ltr'>velox?</span> 
     </span>
     <span class='ocr_line' id='line_1_12' title="bbox 257 1040 1340 1096; baseline -0.002 -13"><span class='ocrx_word' id='word_1_72' title='bbox 257 1043 366 1084; x_wconf 91' lang='lat' dir='ltr'>Cum</span> <span class='ocrx_word' id='word_1_73' title='bbox 388 1049 436 1083; x_wconf 93' lang='lat' dir='ltr'>tu</span> <span class='ocrx_word' id='word_1_74' title='bbox 455 1041 564 1083; x_wconf 89' lang='lat' dir='ltr'>inter</span> <span class='ocrx_word' id='word_1_75' title='bbox 584 1040 761 1082; x_wconf 80' lang='lat' dir='ltr'>scabiem</span> <span class='ocrx_word' id='word_1_76' title='bbox 784 1048 941 1082; x_wconf 88' lang='lat' dir='ltr'>tantam</span> <span class='ocrx_word' id='word_1_77' title='bbox 963 1048 1005 1081; x_wconf 89' lang='lat' dir='ltr'>et</span> <span class='ocrx_word' id='word_1_78' title='bbox 1025 1040 1217 1096; x_wconf 86' lang='lat' dir='ltr'>contagia</span> <span class='ocrx_word' id='word_1_79' title='bbox 1235 1040 1340 1082; x_wconf 87' lang='lat' dir='ltr'>lucri</span> 
     </span>
    </p>

    <p class='ocr_par' dir='ltr' id='par_1_10' title="bbox 256 1107 1593 1164">
     <span class='ocr_line' id='line_1_13' title="bbox 256 1107 1593 1164; baseline -0.001 -13"><span class='ocrx_word' id='word_1_80' title='bbox 256 1109 332 1151; x_wconf 95' lang='lat' dir='ltr'>Nil</span> <span class='ocrx_word' id='word_1_81' title='bbox 352 1123 525 1164; x_wconf 88' lang='lat' dir='ltr'>parvum</span> <span class='ocrx_word' id='word_1_82' title='bbox 548 1108 698 1164; x_wconf 88' lang='lat' dir='ltr'>sapias,</span> <span class='ocrx_word' id='word_1_83' title='bbox 720 1117 761 1150; x_wconf 89' lang='lat' dir='ltr'>et</span> <span class='ocrx_word' id='word_1_84' title='bbox 781 1107 919 1150; x_wconf 89' lang='lat' dir='ltr'>adhuc</span> <span class='ocrx_word' id='word_1_85' title='bbox 940 1107 1132 1150; x_wconf 86' lang='lat' dir='ltr'>sublimia</span> <span class='ocrx_word' id='word_1_86' title='bbox 1153 1123 1269 1150; x_wconf 88' lang='lat' dir='ltr'>cures</span> <span class='ocrx_word' id='word_1_87' title='bbox 1287 1124 1296 1149; x_wconf 90' lang='lat'><strong>:</strong></span> <span class='ocrx_word' id='word_1_88' title='bbox 1538 1108 1593 1150; x_wconf 93' lang='lat'>15</span> 
     </span>
    </p>
   </div>
   <div class='ocr_carea' id='block_1_4' title="bbox 257 1172 1519 1294">
    <p class='ocr_par' dir='ltr' id='par_1_11' title="bbox 257 1172 1519 1294">
     <span class='ocr_line' id='line_1_14' title="bbox 257 1172 1519 1229; baseline 0.001 -14"><span class='ocrx_word' id='word_1_89' title='bbox 257 1175 364 1225; x_wconf 81' lang='lat' dir='ltr'>Quae</span> <span class='ocrx_word' id='word_1_90' title='bbox 384 1188 495 1216; x_wconf 90' lang='lat' dir='ltr'>mare</span> <span class='ocrx_word' id='word_1_91' title='bbox 515 1181 776 1228; x_wconf 83' lang='lat' dir='ltr'>compescant</span> <span class='ocrx_word' id='word_1_92' title='bbox 796 1185 933 1215; x_wconf 86' lang='lat' dir='ltr'>causae</span> <span class='ocrx_word' id='word_1_93' title='bbox 950 1189 962 1220; x_wconf 91' lang='lat'>;</span> <span class='ocrx_word' id='word_1_94' title='bbox 995 1172 1096 1229; x_wconf 91' lang='lat' dir='ltr'>quid</span> <span class='ocrx_word' id='word_1_95' title='bbox 1118 1181 1319 1229; x_wconf 90' lang='lat' dir='ltr'>temperet</span> <span class='ocrx_word' id='word_1_96' title='bbox 1338 1188 1519 1222; x_wconf 86' lang='lat' dir='ltr'>annum;</span> 
     </span>
     <span class='ocr_line' id='line_1_15' title="bbox 259 1238 1346 1294; baseline 0.001 -14"><span class='ocrx_word' id='word_1_97' title='bbox 259 1238 402 1280; x_wconf 85' lang='lat' dir='ltr'>Stellae</span> <span class='ocrx_word' id='word_1_98' title='bbox 421 1246 568 1294; x_wconf 85' lang='lat' dir='ltr'>sponte</span> <span class='ocrx_word' id='word_1_99' title='bbox 588 1252 676 1288; x_wconf 89' lang='lat' dir='ltr'>sua,</span> <span class='ocrx_word' id='word_1_100' title='bbox 690 1238 877 1293; x_wconf 88' lang='lat' dir='ltr'>jussaene</span> <span class='ocrx_word' id='word_1_101' title='bbox 898 1246 1102 1292; x_wconf 82' lang='lat' dir='ltr'>vagentur</span> <span class='ocrx_word' id='word_1_102' title='bbox 1122 1247 1163 1280; x_wconf 90' lang='lat' dir='ltr'>et</span> <span class='ocrx_word' id='word_1_103' title='bbox 1184 1248 1346 1288; x_wconf 90' lang='lat' dir='ltr'>errent;</span> 
     </span>
    </p>
   </div>
   <div class='ocr_carea' id='block_1_5' title="bbox 257 1305 1595 2110">
    <p class='ocr_par' dir='ltr' id='par_1_12' title="bbox 257 1305 1595 1565">
     <span class='ocr_line' id='line_1_16' title="bbox 257 1305 1475 1362; baseline 0.001 -14"><span class='ocrx_word' id='word_1_104' title='bbox 257 1306 371 1358; x_wconf 82' lang='lat' dir='ltr'>Quid</span> <span class='ocrx_word' id='word_1_105' title='bbox 391 1314 552 1362; x_wconf 88' lang='lat' dir='ltr'>premat</span> <span class='ocrx_word' id='word_1_106' title='bbox 571 1306 789 1347; x_wconf 88' lang='lat' dir='ltr'>obscurum</span> <span class='ocrx_word' id='word_1_107' title='bbox 813 1306 966 1356; x_wconf 87' lang='lat' dir='ltr'>Lunae,</span> <span class='ocrx_word' id='word_1_108' title='bbox 986 1305 1088 1361; x_wconf 88' lang='lat' dir='ltr'>quid</span> <span class='ocrx_word' id='word_1_109' title='bbox 1107 1306 1288 1361; x_wconf 87' lang='lat' dir='ltr'>proferat</span> <span class='ocrx_word' id='word_1_110' title='bbox 1309 1308 1475 1355; x_wconf 89' lang='lat' dir='ltr'>orbem;</span> 
     </span>
     <span class='ocr_line' id='line_1_17' title="bbox 258 1372 1304 1429; baseline 0 -14"><span class='ocrx_word' id='word_1_111' title='bbox 258 1373 373 1425; x_wconf 84' lang='lat' dir='ltr'>Quid</span> <span class='ocrx_word' id='word_1_112' title='bbox 392 1373 495 1415; x_wconf 85' lang='lat' dir='ltr'>velit</span> <span class='ocrx_word' id='word_1_113' title='bbox 514 1381 556 1415; x_wconf 91' lang='lat' dir='ltr'>et</span> <span class='ocrx_word' id='word_1_114' title='bbox 575 1373 706 1429; x_wconf 89' lang='lat' dir='ltr'>possit</span> <span class='ocrx_word' id='word_1_115' title='bbox 726 1388 861 1415; x_wconf 89' lang='lat' dir='ltr'>rerum</span> <span class='ocrx_word' id='word_1_116' title='bbox 884 1372 1105 1415; x_wconf 85' lang='lat' dir='ltr'>concordia</span> <span class='ocrx_word' id='word_1_117' title='bbox 1124 1373 1304 1423; x_wconf 85' lang='lat' dir='ltr'>discors;</span> 
     </span>
     <span class='ocr_line' id='line_1_18' title="bbox 257 1441 1595 1497; baseline 0 -13"><span class='ocrx_word' id='word_1_118' title='bbox 257 1441 551 1497; x_wconf 90' lang='lat' dir='ltr'>Empedocles,</span> <span class='ocrx_word' id='word_1_119' title='bbox 573 1456 625 1483; x_wconf 90' lang='lat' dir='ltr'>an</span> <span class='ocrx_word' id='word_1_120' title='bbox 649 1441 894 1483; x_wconf 86' lang='lat' dir='ltr'>Stertinium</span> <span class='ocrx_word' id='word_1_121' title='bbox 916 1441 1063 1483; x_wconf 86' lang='lat' dir='ltr'>deliret</span> <span class='ocrx_word' id='word_1_122' title='bbox 1083 1456 1268 1484; x_wconf 86' lang='lat' dir='ltr'>acumen.</span> <span class='ocrx_word' id='word_1_123' title='bbox 1426 1475 1430 1478; x_wconf 76' lang='lat'><em>.</em></span> <span class='ocrx_word' id='word_1_124' title='bbox 1537 1444 1595 1484; x_wconf 84' lang='lat'>20</span> 
     </span>
     <span class='ocr_line' id='line_1_19' title="bbox 260 1509 1377 1565; baseline 0.001 -14"><span class='ocrx_word' id='word_1_125' title='bbox 260 1509 414 1552; x_wconf 88' lang='lat' dir='ltr'>Verum</span> <span class='ocrx_word' id='word_1_126' title='bbox 435 1524 508 1552; x_wconf 90' lang='lat' dir='ltr'>seu</span> <span class='ocrx_word' id='word_1_127' title='bbox 527 1509 676 1565; x_wconf 85' lang='lat' dir='ltr'>pisces,</span> <span class='ocrx_word' id='word_1_128' title='bbox 698 1524 772 1550; x_wconf 89' lang='lat' dir='ltr'>seu</span> <span class='ocrx_word' id='word_1_129' title='bbox 790 1523 958 1564; x_wconf 84' lang='lat' dir='ltr'>porrum</span> <span class='ocrx_word' id='word_1_130' title='bbox 982 1517 1025 1550; x_wconf 89' lang='lat' dir='ltr'>et</span> <span class='ocrx_word' id='word_1_131' title='bbox 1045 1523 1159 1565; x_wconf 88' lang='lat' dir='ltr'>caepe</span> <span class='ocrx_word' id='word_1_132' title='bbox 1180 1509 1377 1560; x_wconf 82' lang='lat' dir='ltr'>trucidas,</span> 
     </span>
    </p>

    <p class='ocr_par' dir='ltr' id='par_1_13' title="bbox 258 1576 1366 1632">
     <span class='ocr_line' id='line_1_20' title="bbox 258 1576 1366 1632; baseline -0.001 -13"><span class='ocrx_word' id='word_1_133' title='bbox 258 1577 392 1619; x_wconf 86' lang='lat' dir='ltr'>Utere</span> <span class='ocrx_word' id='word_1_134' title='bbox 413 1576 613 1632; x_wconf 90' lang='lat' dir='ltr'>Pompeio</span> <span class='ocrx_word' id='word_1_135' title='bbox 635 1576 856 1632; x_wconf 82' lang='lat' dir='ltr'>Grospho3</span> <span class='ocrx_word' id='word_1_136' title='bbox 890 1585 931 1619; x_wconf 91' lang='lat' dir='ltr'>et</span> <span class='ocrx_word' id='word_1_137' title='bbox 951 1576 1088 1632; x_wconf 90' lang='lat' dir='ltr'>siquid</span> <span class='ocrx_word' id='word_1_138' title='bbox 1107 1584 1235 1631; x_wconf 87' lang='lat' dir='ltr'>petet,</span> <span class='ocrx_word' id='word_1_139' title='bbox 1256 1577 1366 1619; x_wconf 89' lang='lat' dir='ltr'>ultro</span> 
     </span>
    </p>

    <p class='ocr_par' dir='ltr' id='par_1_14' title="bbox 258 1644 1437 1703">
     <span class='ocr_line' id='line_1_21' title="bbox 258 1644 1437 1703; baseline -0.002 -16"><span class='ocrx_word' id='word_1_140' title='bbox 258 1644 416 1687; x_wconf 83' lang='lat' dir='ltr'>Defer:</span> <span class='ocrx_word' id='word_1_141' title='bbox 447 1644 510 1687; x_wconf 90' lang='lat' dir='ltr'>nil</span> <span class='ocrx_word' id='word_1_142' title='bbox 531 1644 752 1703; x_wconf 84' lang='lat' dir='ltr'>Grosphus</span> <span class='ocrx_word' id='word_1_143' title='bbox 772 1645 852 1686; x_wconf 90' lang='lat' dir='ltr'>nisi</span> <span class='ocrx_word' id='word_1_144' title='bbox 874 1659 1015 1687; x_wconf 86' lang='lat' dir='ltr'>verum</span> <span class='ocrx_word' id='word_1_145' title='bbox 1038 1644 1171 1686; x_wconf 89' lang='lat' dir='ltr'>orabit</span> <span class='ocrx_word' id='word_1_146' title='bbox 1191 1654 1233 1687; x_wconf 89' lang='lat' dir='ltr'>et</span> <span class='ocrx_word' id='word_1_147' title='bbox 1253 1660 1437 1701; x_wconf 85' lang='lat' dir='ltr'>aequum.</span> 
     </span>
    </p>

    <p class='ocr_par' dir='ltr' id='par_1_15' title="bbox 259 1711 1381 1769">
     <span class='ocr_line' id='line_1_22' title="bbox 259 1711 1381 1769; baseline 0.001 -14"><span class='ocrx_word' id='word_1_148' title='bbox 259 1711 366 1755; x_wconf 83' lang='lat' dir='ltr'>Vilis</span> <span class='ocrx_word' id='word_1_149' title='bbox 386 1711 610 1754; x_wconf 87' lang='lat' dir='ltr'>amicorum</span> <span class='ocrx_word' id='word_1_150' title='bbox 631 1720 694 1754; x_wconf 88' lang='lat' dir='ltr'>est</span> <span class='ocrx_word' id='word_1_151' title='bbox 714 1727 892 1764; x_wconf 89' lang='lat' dir='ltr'>annona,</span> <span class='ocrx_word' id='word_1_152' title='bbox 912 1713 1031 1756; x_wconf 89' lang='lat' dir='ltr'>bonis</span> <span class='ocrx_word' id='word_1_153' title='bbox 1051 1713 1124 1755; x_wconf 90' lang='lat' dir='ltr'>ubi</span> <span class='ocrx_word' id='word_1_154' title='bbox 1144 1714 1246 1769; x_wconf 90' lang='lat' dir='ltr'>quid</span> <span class='ocrx_word' id='word_1_155' title='bbox 1265 1715 1381 1756; x_wconf 83' lang='lat' dir='ltr'>de&#39;st.</span> 
     </span>
    </p>

    <p class='ocr_par' dir='ltr' id='par_1_16' title="bbox 258 1780 1594 1904">
     <span class='ocr_line' id='line_1_23' title="bbox 258 1780 1594 1836; baseline 0.003 -15"><span class='ocrx_word' id='word_1_156' title='bbox 258 1780 328 1822; x_wconf 91' lang='lat' dir='ltr'>Ne</span> <span class='ocrx_word' id='word_1_157' title='bbox 348 1786 487 1822; x_wconf 89' lang='lat' dir='ltr'>tamen</span> <span class='ocrx_word' id='word_1_158' title='bbox 506 1780 670 1836; x_wconf 86' lang='lat' dir='ltr'>ignores</span> <span class='ocrx_word' id='word_1_159' title='bbox 690 1795 772 1836; x_wconf 93' lang='lat' dir='ltr'>quo</span> <span class='ocrx_word' id='word_1_160' title='bbox 792 1781 846 1823; x_wconf 87' lang='lat' dir='ltr'>sit</span> <span class='ocrx_word' id='word_1_161' title='bbox 867 1782 1059 1823; x_wconf 87' lang='lat' dir='ltr'>Romana</span> <span class='ocrx_word' id='word_1_162' title='bbox 1078 1781 1169 1823; x_wconf 92' lang='lat' dir='ltr'>loco</span> <span class='ocrx_word' id='word_1_163' title='bbox 1189 1797 1277 1824; x_wconf 88' lang='lat' dir='ltr'>res:</span> <span class='ocrx_word' id='word_1_164' title='bbox 1415 1825 1418 1828; x_wconf 67' lang='grc'><strong><em>,</em></strong></span> <span class='ocrx_word' id='word_1_165' title='bbox 1538 1784 1594 1826; x_wconf 83' lang='grc'>25</span> 
     </span>
     <span class='ocr_line' id='line_1_24' title="bbox 260 1846 1258 1904; baseline 0.001 -14"><span class='ocrx_word' id='word_1_166' title='bbox 260 1846 470 1890; x_wconf 79' lang='lat' dir='ltr'>Cantaber</span> <span class='ocrx_word' id='word_1_167' title='bbox 489 1848 711 1904; x_wconf 83' lang='lat' dir='ltr'>Agrippae,</span> <span class='ocrx_word' id='word_1_168' title='bbox 729 1848 884 1891; x_wconf 77' lang='lat' dir='ltr'>Claudi</span> <span class='ocrx_word' id='word_1_169' title='bbox 904 1849 1057 1891; x_wconf 90' lang='lat' dir='ltr'>virtute</span> <span class='ocrx_word' id='word_1_170' title='bbox 1078 1849 1258 1891; x_wconf 90' lang='lat' dir='ltr'>Neronis</span> 
     </span>
    </p>

    <p class='ocr_par' dir='ltr' id='par_1_17' title="bbox 258 1916 1324 1973">
     <span class='ocr_line' id='line_1_25' title="bbox 258 1916 1324 1973; baseline 0.001 -15"><span class='ocrx_word' id='word_1_171' title='bbox 258 1916 488 1973; x_wconf 84' lang='lat' dir='ltr'>Armenius</span> <span class='ocrx_word' id='word_1_172' title='bbox 508 1917 656 1960; x_wconf 90' lang='lat' dir='ltr'>cecidit</span> <span class='ocrx_word' id='word_1_173' title='bbox 673 1933 682 1958; x_wconf 91' lang='lat'>:</span> <span class='ocrx_word' id='word_1_174' title='bbox 707 1917 780 1972; x_wconf 86' lang='lat' dir='ltr'>jus</span> <span class='ocrx_word' id='word_1_175' title='bbox 801 1917 1100 1973; x_wconf 85' lang='lat' dir='ltr'>imperiumque</span> <span class='ocrx_word' id='word_1_176' title='bbox 1121 1917 1324 1960; x_wconf 89' lang='lat' dir='ltr'>Phraates</span> 
     </span>
    </p>

    <p class='ocr_par' dir='ltr' id='par_1_18' title="bbox 259 1984 1306 2041">
     <span class='ocr_line' id='line_1_26' title="bbox 259 1984 1306 2041; baseline -0.003 -13"><span class='ocrx_word' id='word_1_177' title='bbox 259 1986 438 2028; x_wconf 79' lang='lat' dir='ltr'>Caesaris</span> <span class='ocrx_word' id='word_1_178' title='bbox 458 1986 616 2041; x_wconf 88' lang='lat' dir='ltr'>accepit</span> <span class='ocrx_word' id='word_1_179' title='bbox 635 1985 810 2041; x_wconf 87' lang='lat' dir='ltr'>genibus</span> <span class='ocrx_word' id='word_1_180' title='bbox 831 1985 991 2026; x_wconf 89' lang='lat' dir='ltr'>minor:</span> <span class='ocrx_word' id='word_1_181' title='bbox 1024 1999 1147 2026; x_wconf 88' lang='lat' dir='ltr'>aurea</span> <span class='ocrx_word' id='word_1_182' title='bbox 1166 1984 1306 2040; x_wconf 87' lang='lat' dir='ltr'>fruges</span> 
     </span>
    </p>

    <p class='ocr_par' dir='ltr' id='par_1_19' title="bbox 261 2051 1041 2110">
     <span class='ocr_line' id='line_1_27' title="bbox 261 2051 1041 2110; baseline -0.001 -15"><span class='ocrx_word' id='word_1_183' title='bbox 261 2053 399 2095; x_wconf 77' lang='lat' dir='ltr'>Italiae</span> <span class='ocrx_word' id='word_1_184' title='bbox 418 2053 542 2110; x_wconf 88' lang='lat' dir='ltr'>pleno</span> <span class='ocrx_word' id='word_1_185' title='bbox 562 2052 726 2095; x_wconf 84' lang='lat' dir='ltr'>defudit</span> <span class='ocrx_word' id='word_1_186' title='bbox 748 2051 882 2108; x_wconf 88' lang='lat' dir='ltr'>Copia</span> <span class='ocrx_word' id='word_1_187' title='bbox 902 2067 1041 2094; x_wconf 89' lang='lat' dir='ltr'>cornu.</span> 
     </span>
    </p>
   </div>
   <div class='ocr_carea' id='block_1_6' title="bbox 680 2243 1186 2285">
    <p class='ocr_par' dir='ltr' id='par_1_20' title="bbox 680 2243 1186 2285">
     <span class='ocr_line' id='line_1_28' title="bbox 680 2243 1186 2285; baseline 0 0"><span class='ocrx_word' id='word_1_188' title='bbox 680 2244 1005 2285; x_wconf 88' lang='lat' dir='ltr'>EPISTOLA</span> <span class='ocrx_word' id='word_1_189' title='bbox 1038 2243 1186 2285; x_wconf 77' lang='lat' dir='ltr'>XIII,</span> 
     </span>
    </p>
   </div>
   <div class='ocr_carea' id='block_1_7' title="bbox 658 2363 1192 2392">
    <p class='ocr_par' dir='ltr' id='par_1_21' title="bbox 658 2363 1192 2392">
     <span class='ocr_line' id='line_1_29' title="bbox 658 2363 1192 2392; baseline 0.002 -2"><span class='ocrx_word' id='word_1_190' title='bbox 658 2364 720 2391; x_wconf 86' lang='lat' dir='ltr'>AD</span> <span class='ocrx_word' id='word_1_191' title='bbox 754 2363 926 2391; x_wconf 79' lang='lat' dir='ltr'>VINIUM</span> <span class='ocrx_word' id='word_1_192' title='bbox 959 2364 1192 2392; x_wconf 85' lang='lat' dir='ltr'>ASELLAM.</span> 
     </span>
    </p>
   </div>
   <div class='ocr_carea' id='block_1_8' title="bbox 260 2456 1598 2853">
    <p class='ocr_par' dir='ltr' id='par_1_22' title="bbox 260 2456 1213 2514">
     <span class='ocr_line' id='line_1_30' title="bbox 260 2456 1213 2514; baseline 0.001 -15"><span class='ocrx_word' id='word_1_193' title='bbox 260 2457 336 2499; x_wconf 73' lang='lat' dir='ltr'>U‘r</span> <span class='ocrx_word' id='word_1_194' title='bbox 357 2456 683 2512; x_wconf 83' lang='lat' dir='ltr'>proficiscentem</span> <span class='ocrx_word' id='word_1_195' title='bbox 704 2457 826 2499; x_wconf 89' lang='lat' dir='ltr'>docui</span> <span class='ocrx_word' id='word_1_196' title='bbox 849 2466 890 2499; x_wconf 90' lang='lat' dir='ltr'>te</span> <span class='ocrx_word' id='word_1_197' title='bbox 911 2472 1022 2513; x_wconf 85' lang='lat' dir='ltr'>saepe</span> <span class='ocrx_word' id='word_1_198' title='bbox 1043 2458 1213 2514; x_wconf 91' lang='lat' dir='ltr'>diuque,</span> 
     </span>
    </p>

    <p class='ocr_par' dir='ltr' id='par_1_23' title="bbox 260 2524 1186 2580">
     <span class='ocr_line' id='line_1_31' title="bbox 260 2524 1186 2580; baseline 0.001 -14"><span class='ocrx_word' id='word_1_199' title='bbox 260 2524 458 2580; x_wconf 86' lang='lat' dir='ltr'>Augusto</span> <span class='ocrx_word' id='word_1_200' title='bbox 476 2524 624 2566; x_wconf 87' lang='lat' dir='ltr'>reddes</span> <span class='ocrx_word' id='word_1_201' title='bbox 645 2524 806 2580; x_wconf 85' lang='lat' dir='ltr'>signata</span> <span class='ocrx_word' id='word_1_202' title='bbox 826 2525 1050 2576; x_wconf 88' lang='lat' dir='ltr'>volumina,</span> <span class='ocrx_word' id='word_1_203' title='bbox 1073 2526 1186 2574; x_wconf 83' lang='lat' dir='ltr'>Vini,</span> 
     </span>
    </p>

    <p class='ocr_par' dir='ltr' id='par_1_24' title="bbox 263 2590 1263 2650">
     <span class='ocr_line' id='line_1_32' title="bbox 263 2590 1263 2650; baseline 0.004 -17"><span class='ocrx_word' id='word_1_204' title='bbox 263 2590 311 2650; x_wconf 78' lang='lat' dir='ltr'>Si</span> <span class='ocrx_word' id='word_1_205' title='bbox 331 2592 508 2643; x_wconf 86' lang='lat' dir='ltr'>validus,</span> <span class='ocrx_word' id='word_1_206' title='bbox 531 2592 564 2634; x_wconf 91' lang='lat' dir='ltr'>si</span> <span class='ocrx_word' id='word_1_207' title='bbox 585 2592 707 2634; x_wconf 86' lang='lat' dir='ltr'>laetus</span> <span class='ocrx_word' id='word_1_208' title='bbox 727 2593 819 2644; x_wconf 86' lang='lat' dir='ltr'>erit,</span> <span class='ocrx_word' id='word_1_209' title='bbox 841 2593 874 2634; x_wconf 91' lang='lat' dir='ltr'>si</span> <span class='ocrx_word' id='word_1_210' title='bbox 895 2593 1073 2649; x_wconf 77' lang='lat' dir='ltr'>denique</span> <span class='ocrx_word' id='word_1_211' title='bbox 1094 2603 1263 2650; x_wconf 89' lang='lat' dir='ltr'>poscet;</span> 
     </span>
    </p>

    <p class='ocr_par' dir='ltr' id='par_1_25' title="bbox 262 2659 1232 2717">
     <span class='ocr_line' id='line_1_33' title="bbox 262 2659 1232 2717; baseline 0.003 -16"><span class='ocrx_word' id='word_1_212' title='bbox 262 2660 330 2702; x_wconf 89' lang='lat' dir='ltr'>Ne</span> <span class='ocrx_word' id='word_1_213' title='bbox 351 2659 488 2701; x_wconf 90' lang='lat' dir='ltr'>studio</span> <span class='ocrx_word' id='word_1_214' title='bbox 507 2661 635 2702; x_wconf 90' lang='lat' dir='ltr'>nostri</span> <span class='ocrx_word' id='word_1_215' title='bbox 655 2675 814 2717; x_wconf 88' lang='lat' dir='ltr'>pecces,</span> <span class='ocrx_word' id='word_1_216' title='bbox 837 2661 1060 2717; x_wconf 90' lang='lat' dir='ltr'>odiumque</span> <span class='ocrx_word' id='word_1_217' title='bbox 1080 2661 1232 2704; x_wconf 89' lang='lat' dir='ltr'>libellis</span> 
     </span>
    </p>

    <p class='ocr_par' dir='ltr' id='par_1_26' title="bbox 265 2725 1598 2853">
     <span class='ocr_line' id='line_1_34' title="bbox 265 2725 1598 2784; baseline 0.005 -17"><span class='ocrx_word' id='word_1_218' title='bbox 265 2725 448 2768; x_wconf 87' lang='lat' dir='ltr'>Sedulus</span> <span class='ocrx_word' id='word_1_219' title='bbox 467 2726 680 2782; x_wconf 88' lang='lat' dir='ltr'>importes,</span> <span class='ocrx_word' id='word_1_220' title='bbox 701 2743 825 2784; x_wconf 87' lang='lat' dir='ltr'>opera</span> <span class='ocrx_word' id='word_1_221' title='bbox 845 2729 1090 2772; x_wconf 90' lang='lat' dir='ltr'>vehemente</span> <span class='ocrx_word' id='word_1_222' title='bbox 1109 2730 1310 2773; x_wconf 89' lang='lat' dir='ltr'>minister.</span> <span class='ocrx_word' id='word_1_223' title='bbox 1570 2736 1598 2774; x_wconf 87' lang='grc'><em>5</em></span> 
     </span>
     <span class='ocr_line' id='line_1_35' title="bbox 265 2794 1251 2853; baseline 0.005 -18"><span class='ocrx_word' id='word_1_224' title='bbox 265 2794 311 2836; x_wconf 90' lang='lat' dir='ltr'>Si</span> <span class='ocrx_word' id='word_1_225' title='bbox 328 2802 369 2836; x_wconf 89' lang='lat' dir='ltr'>te</span> <span class='ocrx_word' id='word_1_226' title='bbox 388 2794 493 2837; x_wconf 89' lang='lat' dir='ltr'>forte</span> <span class='ocrx_word' id='word_1_227' title='bbox 513 2809 617 2853; x_wconf 69' lang='lat' dir='ltr'>meae</span> <span class='ocrx_word' id='word_1_228' title='bbox 636 2795 773 2850; x_wconf 87' lang='lat' dir='ltr'>gravis</span> <span class='ocrx_word' id='word_1_229' title='bbox 793 2805 885 2839; x_wconf 89' lang='lat' dir='ltr'>uret</span> <span class='ocrx_word' id='word_1_230' title='bbox 906 2797 1064 2840; x_wconf 84' lang='lat' dir='ltr'>sarcina</span> <span class='ocrx_word' id='word_1_231' title='bbox 1083 2798 1251 2848; x_wconf 79' lang='lat' dir='ltr'>chartae,</span> 
     </span>
    </p>
   </div>
  </div>
 </body>
</html>
