1962 3268
638 291 963 319 EPISTOLARUM
988 290 1076 318 mn.
1102 290 1131 317 1.
1154 276 1194 317 1.
1513 274 1597 322 169

264 401 406 457 AEque
422 399 674 456 pauperibus
693 400 875 455 prodest,
896 398 1171 455 locupletibus
1193 413 1324 455 aeque,
1539 400 1597 442 25

265 468 408 525 AEque
426 467 660 524 neglectum
680 467 821 523 pueris
841 466 1089 523 senibusque
1108 467 1284 510 nocebit.
1547 484 1550 487 ·

263 535 415 578 Restat
434 542 483 576 ut
502 532 569 576 his
588 547 666 590 ego
685 546 751 574 me
771 531 859 588 ipse
878 546 1018 588 regam
1040 532 1228 588 solerque
1247 531 1481 575 elementis:

263 599 363 640 Non
381 597 512 654 possis
532 597 650 639 oculo
670 605 872 653 quantum
892 598 1139 639 contendere
1160 594 1373 653 Lynceus,

262 664 362 707 Non
382 670 520 704 tamen
540 661 694 704 idcirco
714 672 952 704 contemnas
972 662 1111 718 lippus
1131 662 1308 718 inungui
1324 679 1335 711 ;

262 728 369 780 Nec,
381 727 488 784 'quia
506 727 697 784 desperes
716 727 863 770 invicti
883 728 1066 770 membra
1086 728 1304 783 Glyconis,
1544 730 1602 771 30

263 793 437 837 Nodosa
455 808 605 850 corpus
624 793 731 836 nolis
751 793 971 850 prohibere
991 793 1205 850 cheragra.

262 859 345 902 Est
363 859 542 916 quadam
563 859 728 915 prodire
749 867 885 912 tenus,
907 859 941 901 si
961 874 1045 901 non
1066 859 1190 901 datur
1208 859 1333 902 ultra.

263 928 419 971 Fervet
438 927 612 971 avaritia
630 927 862 984 miseroque
883 927 1078 983 cupidine
1097 935 1243 984 pectus
1256 930 1275 969 Ρ

264 996 374 1039 Sunt
393 996 519 1039 verba
537 1004 580 1039 et
599 1010 734 1048 voces,
756 996 906 1052 quibus
926 995 1039 1039 hunc
1059 995 1188 1038 lenire
1208 994 1391 1039 dolorem

263 1064 421 1117 Possis,
442 1073 484 1107 et
503 1056 697 1122 magnam
718 1065 852 1107 morbi
873 1066 1078 1121 deponere
1097 1073 1271 1121 partem.
1543 1069 1602 1110 35

264 1133 427 1177 Laudis
446 1147 584 1176 amore
604 1136 768 1176 tumes?
799 1142 897 1176 sunt
917 1142 1028 1176 certa
1048 1133 1228 1189 piacula,
1249 1148 1344 1190 quae
1367 1142 1408 1176 te

265 1203 355 1244 Ter
372 1216 475 1258 pure
494 1202 603 1244 lecto
624 1210 820 1258 poterunt
840 1217 1022 1245 recreare
1041 1202 1196 1245 libello.

265 1271 460 1324 Invidus,
480 1264 719 1322 iracundus,
741 1271 864 1321 iners,
887 1271 1070 1321 vinosus,
1092 1280 1263 1323 amator,

263 1341 401 1384 Nemo
421 1340 524 1383 adeo
542 1340 654 1382 ferus
675 1347 737 1382 est
757 1347 805 1381 ut
824 1354 908 1381 non
929 1339 1142 1382 mitescere
1161 1340 1305 1396 possit,

266 1409 312 1452 Si
330 1409 454 1452 modo
473 1408 648 1451 culturae
666 1408 893 1464 patientem
916 1409 1148 1451 commodet
1167 1424 1322 1451 aurem.
1548 1411 1605 1452 40

263 1477 410 1520 Virtus
430 1485 494 1520 est
513 1476 661 1519 vitium
677 1476 836 1533 fugere,
859 1485 902 1518 et
923 1477 1125 1533 sapientia
1145 1478 1279 1533 prima

267 1546 457 1588 Stultitia
475 1546 667 1588 caruisse.
727 1545 872 1597 Vides,
893 1560 987 1602 quae
1010 1546 1189 1588 maxima
1209 1546 1342 1588 credis

265 1613 374 1655 Esse
393 1612 518 1663 mala,
540 1611 736 1667 exiguum
759 1626 942 1663 censum,
965 1620 1210 1668 turpemque
1229 1613 1452 1668 repulsam,

267 1683 434 1734 Quanto
454 1681 614 1724 devites
635 1680 773 1723 animo
794 1679 1022 1736 capitisque
1042 1680 1182 1722 labore
1200 1697 1208 1721 :

266 1750 452 1807 Impiger
471 1758 674 1792 extremos
695 1749 825 1792 curris
845 1757 1047 1791 mercator
1067 1749 1120 1790 ad
1142 1749 1287 1799 Indos,
1550 1751 1605 1792 45

267 1821 352 1863 Per
370 1834 483 1862 mare
501 1818 741 1875 pauperiem
761 1818 941 1875 fugiens,
963 1833 1037 1874 per
1057 1833 1169 1869 saxa,
1192 1833 1265 1874 per
1287 1818 1404 1874 ignes
1421 1835 1429 1860 :

267 1889 336 1931 Ne
355 1903 472 1931 cures
493 1903 541 1930 ea
560 1902 654 1944 quae
675 1888 800 1930 stulte
820 1887 981 1930 miraris
1003 1895 1044 1929 et
1065 1895 1197 1942 optas,

266 1957 441 2000 Discere
461 1965 503 1999 et
523 1956 666 1999 audire
686 1964 728 1999 et
747 1956 906 1998 meliori
928 1956 1093 1998 credere
1114 1970 1197 1997 non
1219 1954 1281 1996 vis
1298 1957 1316 1996 ?

268 2026 372 2078 Quis
392 2025 546 2068 circum
565 2040 694 2082 pagos
714 2033 756 2067 et
776 2025 928 2067 circum
952 2024 1131 2080 compita
1150 2039 1335 2080 pugnax,

267 2095 432 2151 Magna
451 2093 636 2137 coronari
658 2102 895 2136 contemnat
916 2093 1129 2149 Olympia,
1152 2093 1347 2147 cu‘kspes‚
1550 2095 1608 2135 50

270 2162 354 2204 Cui
374 2162 428 2205 sit
448 2162 631 2205 conditio
651 2161 786 2203 dulcis
807 2161 895 2203 sine
916 2161 1089 2216 pulvere
1109 2161 1260 2215 palmae
1280 2163 1297 2201 Ρ

270 2229 408 2272 Vilius
427 2238 643 2286 argentum
665 2238 727 2271 est
747 2244 862 2277 auro,
884 2228 1108 2270 virtutibus
1129 2243 1288 2270 aurum.

272 2299 311 2340 Ο
332 2297 458 2349 cives,
481 2298 591 2339 cives
610 2297 833 2353 quaerenda
852 2297 1029 2353 pecunia
1049 2296 1227 2352 primum
1249 2306 1325 2348 est,

273 2366 415 2409 Virtus
435 2374 528 2422 post
547 2381 751 2408 nummos.
812 2365 924 2407 Haec
945 2366 976 2407 J
978 2380 1081 2408 anus
1102 2380 1286 2408 summus
1308 2367 1359 2408 ab
1381 2366 1464 2408 imo

272 2435 500 2478 Prodocet:
533 2434 626 2477 haec
644 2435 836 2477 recinunt
849 2435 1026 2492 juvenes
1047 2435 1201 2477 dictata
1223 2450 1434 2492 senesque,
1550 2438 1607 2478 55

271 2505 406 2547 Laevo
427 2503 614 2559 suspensi
634 2504 790 2546 loculos
811 2504 1075 2560 tabulamque
1094 2504 1260 2546 lacerto.

272 2574 354 2616 Est
373 2572 535 2616 animus
556 2573 648 2626 tibi,
670 2582 767 2615 sunt
787 2588 935 2625 moreS,
958 2581 1020 2615 est
1039 2572 1184 2628 lingua
1203 2572 1411 2628 fidesque:

275 2639 359 2682 Sed
377 2639 688 2696 quadringentis
708 2654 794 2690 sex,
816 2647 972 2695 septem
994 2638 1124 2680 millia
1144 2638 1302 2687 desint;

275 2704 402 2747 Plebs
420 2705 512 2747 eris.
572 2706 637 2747 At
656 2704 773 2761 pueri
794 2705 999 2756 ludentes,
1022 2706 1118 2746 Rex
1138 2705 1233 2756 eris,
1255 2705 1386 2755 aiunt,

275 2770 323 2814 Si
343 2779 454 2814 recte
473 2770 612 2814 facies.
674 2771 767 2813 H1c
789 2784 932 2813 murus
954 2770 1135 2814 aheneus
1156 2779 1258 2822 esto,
1554 2768 1611 2810 60
