1962 3268
700 293 953 322 cAnmmm
984 283 1075 321 ἰη.
1106 293 1137 320 1.
1167 280 1236 320 34.
1267 280 1337 320 35.

640 460 769 502 ODE
801 458 1037 501 XXXIV.
1099 456 1172 508 (ιι.
1204 461 1321 514 xxx.)

352 558 537 600 PAncus
559 557 745 598 Deorum
766 554 901 598 cultor
920 562 962 596 et
980 554 1234 611 infrequens,

352 622 605 666 Insanientis
624 623 723 664 dum
745 621 959 678 sapientiae

409 689 637 733 consultus
656 704 760 741 erro,
781 703 892 731 nunc
913 697 1136 731 retrorsum

455 756 574 799 Vela
593 757 706 808 dare,
727 765 852 812 atque
871 757 1019 799 iterare
1040 772 1183 800 cursus

355 825 495 880 Cogor
513 823 702 866 relictos:
734 838 912 881 namque
933 823 1163 881 Diespiter,

354 892 453 949 Igni
474 907 642 935 corusco
661 892 806 935 nubila
824 891 1018 934 dividens

411 960 680 1016 Plerumque,
701 974 776 1015 per
794 973 946 1015 purum
967 967 1158 1002 tonantes
1176 978 1190 989 ·
1233 954 1242 964 ’

470 1024 574 1082 Egit
594 1041 719 1083 equos
739 1026 1030 1083 volucremque
1049 1042 1238 1077 currum;

357 1095 451 1146 Quo
469 1094 593 1136 bruta
613 1093 751 1144 tellus,
772 1101 814 1135 et
834 1108 941 1150 vaga
959 1093 1145 1147 fiumina,

357 1161 452 1212 Quo
473 1159 596 1216 Styx,
617 1168 660 1202 et
679 1160 803 1201 invisi
823 1159 991 1203 horrida
1013 1162 1185 1204 Taenari

417 1228 564 1279 Sedes,
586 1226 892 1282 Atlanteusque
911 1227 1006 1269 finis

425 1319 433 1328 κ
473 1294 734 1336 Concutitur.
795 1295 920 1336 Valet
939 1294 1024 1337 ima
1043 1296 1214 1337 summis

359 1362 531 1403 Mutare
550 1369 592 1403 et
610 1360 815 1416 insignem
836 1369 1025 1404 attenuat
1045 1363 1179 1416 Deus,

359 1429 548 1471 Obscura
566 1442 777 1484 promens:
809 1428 909 1471 hinc
929 1430 1088 1485 apicem
1108 1445 1237 1487 rapax

416 1496 606 1537 Fortuna
620 1509 714 1536 cum
735 1494 910 1537 stridore
931 1505 1053 1543 acuto

476 1562 669 1614 Sustulit,
690 1561 760 1604 hic
779 1563 964 1618 posuisse
983 1564 1150 1619 gaudet.

644 1784 772 1827 ODE
805 1784 1012 1828 XXXV.
1075 1784 1146 1837 (M.
1178 1790 1295 1842 xlx.)

784 1899 846 1926 AD
878 1899 1144 1928 ronTUNAM.

362 1978 401 2019 Ο
422 1975 546 2017 D1vA
571 1982 736 2030 gratum
758 1990 852 2031 quae
872 1977 982 2034 regis
1002 1975 1197 2028 Antium,

361 2043 551 2084 Praesens
570 2042 638 2084 vel
656 2041 741 2084 imo
763 2042 907 2087 tollere
927 2044 980 2088 de
999 2045 1135 2100 gradu

417 2109 606 2152 Mortale
620 2124 787 2165 corpus,
801 2111 870 2152 vel
888 2111 1086 2166 superbos

475 2177 648 2219 Vertere
666 2177 881 2219 funeribus
901 2178 1159 2234 triumphos:

362 2245 425 2286 Te
443 2258 602 2299 pauper
622 2243 751 2285 ambit
772 2243 949 2286 sollicita
968 2259 1090 2299 prece

365 2310 495 2353 Ruris
516 2310 712 2358 colonus;
745 2318 787 2352 te
807 2310 1017 2353 dominam
1038 2313 1231 2369 aequoris,

422 2377 669 2433 Quicunque
690 2377 877 2433 Bithyna
896 2379 1061 2422 lacessit

481 2444 756 2500 Carpathium
775 2446 950 2502 pelagus
969 2447 1121 2490 carina.

366 2514 433 2555 Te
448 2513 592 2556 Dacus
612 2527 745 2568 asper,
767 2521 809 2555 te
827 2514 995 2571 profugi
1018 2516 1201 2572 Scythae,

365 2581 585 2638 Urbesque
605 2589 845 2637 gentesque,
869 2590 911 2624 et
932 2583 1104 2625 Latium
1126 2585 1255 2637 ferox,

421 2650 670 2705 Regumque
690 2657 840 2692 matres
859 2650 1141 2702 barbarorum,
1164 2663 1205 2696 et

446 2761 450 2764 ,
478 2717 683 2771 Purpurei
705 2725 895 2759 metuunt
916 2720 1098 2773 tyranni,

1541 275 1620 316 111

1573 1167 1629 1207 10

1574 1503 1628 1543 15

1582 2594 1638 2633 10
