1962 3268
592 543 643 588 Q.
677 540 938 582 HORATH
969 540 1188 581 FLACCI

471 654 515 716 S
561 654 622 716 E
670 654 734 716 R
780 653 857 716 M
905 653 965 716 O
1013 653 1076 714 N
1128 652 1192 714 U
1240 652 1317 713 M

679 804 844 843 LIBER
875 803 1100 842 PRIMUS.

751 1018 980 1059 SATIRA
1015 1019 1053 1059 Ι.

230 1118 318 1170 QUI
341 1117 401 1170 fit,
422 1118 651 1169 Maecenas,
672 1126 720 1159 ut
740 1131 876 1167 nemo,
898 1132 1020 1173 quam
1044 1117 1121 1159 sibi
1142 1126 1291 1159 sortem

231 1188 316 1228 Seu
337 1185 464 1228 Ratio
484 1186 660 1235 dederit,
683 1200 755 1226 seu
777 1186 885 1226 Fors
906 1185 1116 1240 objecerit,
1137 1185 1209 1226 illa

231 1254 465 1295 Contentus
484 1252 612 1303 vivat,
634 1252 776 1294 laudet
796 1252 961 1295 diversa
980 1262 1195 1309 sequentes
1213 1256 1230 1294 Ρ

230 1321 293 1364 O!
324 1320 524 1363 fortunati
546 1329 806 1371 mercatoreS‚
828 1320 967 1376 gravis
988 1320 1107 1363 annis

232 1389 362 1432 Miles
382 1390 455 1441 ait,
475 1390 608 1432 multo
621 1388 710 1446 jam
730 1388 886 1430 fractus
906 1389 1089 1430 membra
1108 1389 1260 1432 labore.

234 1459 391 1500 Contra
410 1466 625 1506 mercator,
645 1456 784 1498 navim
800 1456 1056 1511 jactantibus
1077 1457 1242 1508 austris,

234 1526 396 1567 Militia
414 1534 476 1567 est
495 1524 655 1581 potior:
688 1524 790 1580 quid
811 1523 919 1565 enim
938 1526 955 1564 ?
987 1525 1246 1567 concurritur
1263 1542 1271 1566 ε
1305 1526 1419 1568 horae

237 1595 456 1636 Momento
476 1592 558 1634 cita
578 1606 688 1632 mors
710 1590 840 1642 venit,
862 1599 935 1632 aut
955 1590 1127 1634 victoria
1147 1593 1257 1635 laeta.

236 1660 480 1718 Agricolam
501 1660 646 1702 laudat
659 1660 767 1715 juris
797 1659 1017 1715 legumque
1037 1660 1209 1716 peritus,

239 1729 327 1772 Sub
345 1729 447 1785 galli
468 1738 633 1771 cantum
655 1727 864 1769 consultor
884 1728 955 1770 ubi
975 1728 1080 1772 ostia
1099 1730 1251 1783 pulsat.
1313 1763 1315 1765 .

238 1798 322 1840 Ille
340 1797 449 1841 datis
469 1797 643 1840 vadibus
663 1796 734 1853 qui
753 1811 848 1838 rure
868 1804 1075 1838 extractus
1096 1797 1138 1838 in
1159 1799 1302 1840 urbem
1324 1808 1400 1850 est,

239 1866 357 1908 Solos
375 1866 516 1908 felices
536 1865 725 1907 viventes
745 1864 895 1906 clamat
916 1864 959 1905 in
981 1865 1093 1906 urbe.

238 1934 402 1976 Caetera
421 1933 474 1975 de
493 1947 643 1989 genere
662 1932 742 1974 hoc
765 1930 887 1983 (adeo
908 1940 1005 1974 sunt
1026 1932 1176 1987 multa)
1198 1933 1410 1989 loquacem

237 2001 458 2044 Delassare
477 2000 618 2042 valent
639 2000 845 2042 Fabium:
878 2014 931 2042 ne
952 2009 993 2042 te
1013 2014 1162 2053 morer,
1183 2002 1282 2044 audi

239 2069 334 2120 Quo
353 2083 439 2111 rem
460 2069 677 2111 deducam.
739 2069 784 2111 Si
804 2068 896 2125 quis
916 2069 1033 2120 deus,
1056 2070 1127 2111 En
1148 2085 1240 2126 ego,
1262 2070 1388 2122 dicat,

237 2137 269 2178 J
272 2151 337 2179 am
357 2137 506 2180 faciam
526 2137 638 2193 quod
658 2137 812 2179 vultis:
845 2137 925 2179 eris
946 2147 1007 2188 tu,
1029 2138 1100 2193 qui
1121 2139 1244 2180 modo
1264 2139 1396 2190 miles,

240 2205 475 2247 Mercator:
509 2213 571 2256 tu,
592 2205 808 2247 consultus
828 2205 951 2247 modo
969 2206 1170 2247 rusticus:
1204 2206 1302 2249 hinc
1323 2222 1410 2258 vos,

240 2274 326 2315 Vos
345 2273 444 2316 hinc
463 2274 636 2315 mutatis
658 2273 861 2315 discedite
881 2272 1080 2328 partibus.
1141 2273 1239 2329 Eja,

241 2342 355 2394 Quid
376 2342 530 2384 statis?
562 2341 725 2384 Nolint.
786 2341 922 2397 Atqui
941 2341 1038 2383 licet
1058 2356 1146 2383 esse
1165 2342 1310 2384 beatis.

241 2409 354 2461 Quid
376 2425 511 2452 causoe
531 2419 607 2461 est,
628 2410 775 2452 merito
795 2410 896 2466 quin
916 2409 999 2451 illis
1019 2410 1190 2465 Jupiter
1210 2411 1351 2454 ambas

237 2479 381 2533 *Iratus
400 2479 551 2521 buccas
569 2478 717 2521 inflet?
747 2493 880 2534 neque
900 2493 944 2521 se
962 2477 1050 2520 fore
1069 2478 1242 2534 posthac

242 2547 351 2588 Tam
371 2546 534 2589 facilem
555 2547 681 2598 dicat,
704 2546 813 2589 votis
832 2555 881 2588 ut
901 2547 1083 2603 praebeat
1102 2550 1275 2589 aurem?

242 2615 465 2664 Praeterea,
485 2630 538 2657 ne
558 2615 631 2667 sic,
651 2624 699 2657 ut
718 2615 789 2672 qui
804 2615 1022 2671 jocularia,
1044 2615 1185 2657 ridens

242 2684 512 2732 Percurram;
545 2698 778 2740 quanquam
800 2684 1003 2726 ridentem
1024 2683 1161 2726 dicere
1179 2698 1323 2726 verum

244 2751 357 2802 Quid
378 2759 491 2793 vetat
508 2754 524 2792 ?
555 2760 602 2793 ut
621 2751 760 2807 pueris
781 2752 879 2794 olim
899 2753 1002 2794 dant
1023 2753 1207 2795 crustula
1227 2753 1368 2796 blandi

1378 2825 1400 2850 B

1515 1732 1570 1774 10

1516 2072 1571 2113 15

1516 2414 1574 2454 20

1518 2756 1573 2796 25
