1962 3268
405 283 463 323 82
698 296 702 299 ·
833 304 871 333 Q·
906 304 1100 332 nouA'rn
1134 305 1297 335 FtiAccx

779 470 935 512 XVII.
999 469 1219 521 (METRUM
1252 477 1356 529 vu.)

900 575 962 602 AD
995 575 1245 603 CANIDIAM.

943 675 1185 704 HORATIUS.

469 752 498 791 J
504 765 572 791 AM
589 750 677 805 jam
701 748 854 791 efficaci
875 750 929 791 do
951 765 1096 793 manus
1117 752 1300 794 scientiae

468 818 666 874 Supplex,
687 825 728 859 et
747 832 817 859 oro
836 833 962 873 regna
981 833 1054 873 per
1069 819 1343 874 Proserpinae,

469 888 550 928 Per
569 895 610 928 et
630 885 779 927 Dianae
798 900 881 926 non
902 886 1104 927 movenda
1123 886 1308 937 numina,

467 956 549 996 Per
569 962 691 1009 atque
709 953 836 994 libros
857 953 1082 994 carminum
1103 953 1329 995 valentium

464 1022 614 1064 Defixa
634 1022 738 1062 coelo
758 1021 956 1063 devocare
974 1021 1120 1072 sidera,

463 1090 653 1140 Canidia,
674 1103 794 1144 parce
815 1088 983 1130 vocibus
1004 1089 1169 1131 tandem
1189 1089 1326 1141 sacris,

466 1159 689 1214 Citumque
708 1165 815 1198 retro
836 1156 963 1207 solve,
986 1156 1112 1207 solve,
1135 1157 1351 1199 turbinem.

463 1225 603 1268 Movit
622 1232 811 1279 nepotem
835 1223 1051 1278 Telephus
1074 1225 1285 1276 Nereium,

467 1295 520 1336 In
541 1307 661 1349 quem
683 1292 882 1347 superbus
902 1292 1113 1334 ordinarat
1133 1293 1299 1347 agmina

463 1363 697 1416 Mysorum,
718 1367 760 1400 et
778 1359 821 1400 in
842 1373 960 1414 quem
983 1360 1066 1401 tela
1086 1368 1206 1402 acuta
1226 1369 1408 1403 torserat.

465 1430 800 1470 Luxere'matres
822 1426 915 1467 Iliae
935 1427 1146 1468 addictum
1166 1428 1262 1469 feris

463 1496 667 1544 Alitibus‚
690 1502 812 1550 atque
833 1493 1002 1535 canibus
1021 1494 1269 1536 homicidam
1293 1497 1548 1546 Hectorem;

464 1566 689 1618 Postquam
709 1561 860 1603 relictis
874 1555 1085 1602 ‘moenibus
1104 1576 1176 1603 rex
1190 1563 1373 1617 *procidit

465 1632 565 1672 Heu
585 1633 592 1671 !
626 1628 848 1685 pervicacis
867 1629 920 1670 ad
941 1629 1064 1683 pedes
1086 1629 1286 1672 Achillei.

463 1701 605 1741 Setosa
625 1697 738 1738 duris
759 1711 911 1738 exuere
930 1696 1106 1751 pellibus

460 1765 677 1808 Laboriosi
697 1764 872 1818 remiges
893 1764 1080 1819 Ulyssei,

460 1834 635 1875 Volente
658 1832 794 1882 Circa,
817 1832 1022 1878 membra;
1058 1840 1156 1873 tunc
1178 1846 1309 1883 mens,
1329 1842 1370 1876 et
1390 1849 1513 1877 sonus

460 1900 683 1954 Relapsus‚
706 1907 827 1953 atque
846 1908 968 1940 notus
990 1899 1033 1939 in
1054 1899 1194 1940 vultus
1214 1899 1358 1941 honor.

460 1967 572 2008 Dedi
593 1965 690 2007 satis
711 1980 911 2020 superque
931 1980 1144 2019 poenarum
1167 1966 1256 2016 tibi,

459 2037 614 2075 Amata
634 2032 770 2073 nautis
790 2032 965 2074 multum
988 2040 1029 2073 et
1049 2032 1318 2074 institoribus.

459 2100 589 2155 Fugit
603 2100 814 2155 juventam,
835 2108 876 2140 et
897 2100 1150 2140 verecundus
1172 2100 1282 2141 color

459 2166 648 2222 Reliquit
668 2181 757 2207 ossa
777 2165 884 2220 pelle
905 2166 1055 2208 amicta
1074 2166 1232 2215 lurida3

458 2234 566 2276 Tuis
586 2233 758 2288 capillus
779 2233 896 2275 albus
916 2242 978 2275 est
998 2234 1206 2286 odoribus,

458 2302 632 2343 Nullum
654 2316 678 2342 a
697 2301 835 2343 labore
855 2314 920 2343 me
935 2302 1106 2343 reclinat
1126 2303 1278 2344 otium:

457 2368 751 2423 Urguetdiem
774 2382 869 2419 nox,
891 2377 932 2409 et
952 2369 1038 2410 dies
1058 2378 1234 2420 noctem,
1255 2385 1387 2426 neque
1407 2380 1469 2414 est

458 2437 619 2477 Levare
639 2444 752 2477 tenta
772 2436 918 2490 spiritu
938 2437 1176 2491 praecordia.

456 2504 572 2557 Ergo
592 2511 784 2557 negatum
807 2503 947 2544 vincor
968 2512 1014 2545 ut
1034 2505 1195 2546 credam
1217 2505 1351 2556 miser,

423 2593 425 2595 v
458 2570 622 2612 Sabella
641 2578 784 2624 pectus
803 2570 1012 2625 increpare
1032 2572 1225 2621 carmina,

458 2639 676 2692 Caputque
698 2635 839 2678 Marsa
859 2637 1034 2680 dissilire
1053 2639 1200 2681 naenia.

381 2746 388 2751 ‚
459 2705 570 2756 Quid
591 2703 766 2758 amplius
788 2704 876 2745 vis?
910 2707 948 2746 O
970 2720 1079 2748 mare
1100 2715 1140 2747 et
1163 2710 1294 2749 terra!
1328 2709 1464 2760 ardeo,

458 2773 667 2823 Quantum
689 2786 819 2826 neque
840 2781 927 2813 atro
947 2773 1154 2816 delibutus
1177 2775 1379 2817 Hercules

1670 1365 1726 1405 10

1668 1704 1724 1745 15

1664 2040 1721 2079 20

1661 2375 1717 2416 25
