1962 3268
581 318 834 347 mammon
868 320 958 348 Lm.
992 321 1042 348 11.
1076 309 1143 350 18.

499 496 627 573 ODE
660 531 850 576 XVIII.
912 530 1135 583 (ME-raum
1168 536 1279 601 γα.)-
1337 594 1347 603 ο

267 663 369 706 Non
389 663 493 706 ebur
511 678 646 722 neque
665 678 835 707 aureum

321 731 423 774 Mea
441 732 602 776 renidet
622 733 666 775 in
687 733 811 775 domo
830 733 1015 787 lacunar,

265 799 361 841 Non
382 800 517 843 trabes
539 801 774 858 Hymettiae

321 869 526 911 Premunt
545 870 758 914 columnas
778 871 926 914 ultima
945 870 1097 913 recisas

207 912 211 916 Β
263 935 435 985 Africa;
467 951 602 995 neque
623 939 761 982 Attali

321 1006 499 1062 Ignotus
518 1006 651 1050 haeres
670 1008 824 1064 regiam
848 1009 1048 1065 occupavi
1065 1026 1077 1061 3

263 1074 355 1116 Nec
376 1075 607 1118 Laconicas
627 1076 731 1119 mihi

319 1142 517 1186 Trahunt
536 1142 723 1187 honestoe
742 1160 947 1202 purpuras
967 1146 1144 1189 clientae.

260 1210 318 1252 At
338 1211 439 1253 fides
459 1220 501 1254 et
516 1211 658 1269 ingeni
933 1218 937 1221 ⁴

318 1278 508 1335 Benigna
528 1295 634 1323 vena
653 1289 715 1323 est
732 1297 745 1333 ;
774 1295 1080 1338 pauperemque
1100 1282 1217 1325 dives

260 1346 339 1389 Me
357 1347 490 1403 petit:
522 1348 630 1391 nihil
651 1364 776 1406 supra

317 1416 432 1458 Deos
450 1416 632 1466 lacesso;
663 1431 741 1460 nec
759 1426 970 1474 potentem
992 1418 1170 1460 amicum

262 1483 466 1540 Largiora
484 1484 642 1541 flagito,

319 1552 430 1595 Satis
448 1553 596 1596 beatus
616 1553 752 1596 unicis
776 1554 954 1597 Sabinis.

261 1620 471 1663 Truditur
488 1621 577 1664 dies
597 1621 681 1673 die,

316 1689 531 1746 Novaeque
550 1699 731 1747 pergunt
756 1688 926 1734 interire
947 1690 1100 1735 Lunae.

259 1757 332 1799 Tu
352 1757 529 1800 secanda
548 1773 751 1801 marmora

315 1824 452 1868 Locas
472 1826 550 1869 sub
569 1826 706 1882 ipsum
726 1827 867 1880 funus,
888 1837 930 1871 et
950 1830 1157 1886 sepulchri

258 1894 497 1945 Immemor,
519 1894 645 1937 struis
662 1896 827 1945 domos;

313 1961 530 2018 Mal-isque
549 1962 667 2005 Baiis
685 1963 966 2020 obstrepentis
978 1979 1130 2021 urgues

257 2030 526 2073 Summovere
545 2030 700 2083 littora,

311 2098 465 2140 Parum
485 2097 669 2154 locuples
689 2099 927 2143 continente
945 2103 1048 2158 ripa.

254 2164 370 2217 Quid
387 2165 500 2221 quod
517 2180 648 2221 usque
667 2167 876 2221 proximos

312 2232 500 2275 Revellis
519 2233 608 2288 agri
629 2233 839 2285 terminos,
860 2244 903 2277 et
921 2236 1032 2278 ultra

256 2300 434 2343 Limites
460 2299 674 2342 clientium

313 2368 420 2411 Salis
440 2370 621 2411 avarus?
651 2369 821 2425 pellitur
840 2379 1032 2427 paternos

256 2437 309 2479 In
330 2436 424 2479 sinu
450 2435 586 2478 ferens
606 2437 721 2480 Deos

309 2505 371 2547 Et
391 2519 508 2555 uxor,
528 2513 570 2546 et
590 2503 670 2557 vir,
691 2506 959 2564 sordidosque
986 2518 1117 2552 natos.

254 2572 384 2614 Nulla
409 2572 557 2615 certior
577 2582 715 2616 tamen

310 2640 492 2695 Rapacis
513 2641 613 2683 Orci
640 2642 722 2684 fine
742 2642 949 2688 destinata

252 2708 362 2750 Aula
380 2707 552 2751 divitem
582 2707 736 2753 manet'

313 2777 489 2818 Herum.
549 2778 661 2828 Quid
681 2779 790 2822 ultra
810 2781 977 2824 tendis?
1010 2782 1163 2828 AEQUA
1186 2784 1309 2827 tellus

1270 2868 1295 2893 x
1319 2856 1347 2894 2

1459 308 1536 353 131

1485 1286 1541 1327 10

1482 1628 1535 1668 15

1468 2654 1527 2693 30
