<?xml version="1.0" encoding="UTF-8"?>
<!DOCTYPE html PUBLIC "-//W3C//DTD XHTML 1.0 Transitional//EN"
    "http://www.w3.org/TR/xhtml1/DTD/xhtml1-transitional.dtd">
<html xmlns="http://www.w3.org/1999/xhtml" xml:lang="en" lang="en">
 <head>
  <title>
</title>
<meta http-equiv="Content-Type" content="text/html;charset=utf-8" />
  <meta name='ocr-system' content='tesseract 3.04.00' />
  <meta name='ocr-capabilities' content='ocr_page ocr_carea ocr_par ocr_line ocrx_word'/>
</head>
<body>
  <div class='ocr_page' id='page_1' title='image "./horatiusrestitut00horauoft_0303.png"; bbox 0 0 1962 3268; ppageno 0'>
   <div class='ocr_carea' id='block_1_1' title="bbox 0 0 221 2302">
    <p class='ocr_par' dir='ltr' id='par_1_1' title="bbox 0 0 221 2302">
     <span class='ocr_line' id='line_1_1' title="bbox 0 0 221 2302; baseline 0 0"><span class='ocrx_word' id='word_1_1' title='bbox 0 0 221 2302; x_wconf 95' lang='lat' dir='ltr'><strong> </strong></span> 
     </span>
    </p>
   </div>
   <div class='ocr_carea' id='block_1_2' title="bbox 779 320 1145 350">
    <p class='ocr_par' dir='ltr' id='par_1_2' title="bbox 779 320 1145 350">
     <span class='ocr_line' id='line_1_2' title="bbox 779 320 1145 350; baseline -0.014 0"><span class='ocrx_word' id='word_1_2' title='bbox 779 321 958 350; x_wconf 73' lang='lat' dir='ltr'>EPODON</span> <span class='ocrx_word' id='word_1_3' title='bbox 991 320 1145 347; x_wconf 75' lang='lat' dir='ltr'><strong>LIBER·</strong></span> 
     </span>
    </p>
   </div>
   <div class='ocr_carea' id='block_1_3' title="bbox 348 422 1390 2799">
    <p class='ocr_par' dir='ltr' id='par_1_3' title="bbox 407 422 942 467">
     <span class='ocr_line' id='line_1_3' title="bbox 407 422 942 467; baseline -0.011 1"><span class='ocrx_word' id='word_1_4' title='bbox 407 423 550 467; x_wconf 79' lang='lat' dir='ltr'><strong>Radix</strong></span> <span class='ocrx_word' id='word_1_5' title='bbox 570 422 718 465; x_wconf 81' lang='lat' dir='ltr'><strong>fefellit</strong></span> <span class='ocrx_word' id='word_1_6' title='bbox 740 436 805 464; x_wconf 89' lang='lat' dir='ltr'><strong>me</strong></span> <span class='ocrx_word' id='word_1_7' title='bbox 826 422 942 463; x_wconf 86' lang='lat' dir='ltr'><strong>locis.</strong></span> 
     </span>
    </p>

    <p class='ocr_par' dir='ltr' id='par_1_4' title="bbox 351 487 1146 614">
     <span class='ocr_line' id='line_1_4' title="bbox 351 487 1146 536; baseline -0.01 0"><span class='ocrx_word' id='word_1_8' title='bbox 351 491 559 536; x_wconf 85' lang='lat' dir='ltr'><strong>Indormit</strong></span> <span class='ocrx_word' id='word_1_9' title='bbox 578 490 715 532; x_wconf 85' lang='lat' dir='ltr'><strong>unctis</strong></span> <span class='ocrx_word' id='word_1_10' title='bbox 735 489 919 531; x_wconf 89' lang='lat' dir='ltr'><strong>omnium</strong></span> <span class='ocrx_word' id='word_1_11' title='bbox 943 487 1146 530; x_wconf 87' lang='lat' dir='ltr'><strong>cubilibus</strong></span> 
     </span>
     <span class='ocr_line' id='line_1_5' title="bbox 407 557 858 614; baseline -0.016 -10"><span class='ocrx_word' id='word_1_12' title='bbox 407 559 631 604; x_wconf 86' lang='lat' dir='ltr'><strong>Oblivione</strong></span> <span class='ocrx_word' id='word_1_13' title='bbox 647 557 858 614; x_wconf 84' lang='lat' dir='ltr'>pellicum.</span> 
     </span>
    </p>

    <p class='ocr_par' dir='ltr' id='par_1_5' title="bbox 348 622 1165 740">
     <span class='ocr_line' id='line_1_6' title="bbox 348 622 1165 672; baseline -0.011 0"><span class='ocrx_word' id='word_1_14' title='bbox 348 628 424 672; x_wconf 93' lang='lat' dir='ltr'><strong>Ah</strong></span> <span class='ocrx_word' id='word_1_15' title='bbox 441 631 450 671; x_wconf 92' lang='lat'>!</span> <span class='ocrx_word' id='word_1_16' title='bbox 473 627 528 671; x_wconf 84' lang='lat' dir='ltr'><strong>ah</strong></span> <span class='ocrx_word' id='word_1_17' title='bbox 545 630 554 669; x_wconf 73' lang='grc' dir='ltr'><strong><em>Ξ</em></strong></span> <span class='ocrx_word' id='word_1_18' title='bbox 586 626 745 669; x_wconf 83' lang='lat' dir='ltr'><strong>solutus</strong></span> <span class='ocrx_word' id='word_1_19' title='bbox 765 624 949 667; x_wconf 87' lang='lat' dir='ltr'><strong>ambulat</strong></span> <span class='ocrx_word' id='word_1_20' title='bbox 970 622 1165 665; x_wconf 78' lang='lat' dir='ltr'><strong>veneficae</strong></span> 
     </span>
     <span class='ocr_line' id='line_1_7' title="bbox 407 693 860 740; baseline -0.013 0"><span class='ocrx_word' id='word_1_21' title='bbox 407 695 647 740; x_wconf 84' lang='lat' dir='ltr'><strong>Scientioris</strong></span> <span class='ocrx_word' id='word_1_22' title='bbox 667 693 860 736; x_wconf 83' lang='lat' dir='ltr'><strong>carmine.</strong></span> 
     </span>
    </p>

    <p class='ocr_par' dir='ltr' id='par_1_6' title="bbox 349 761 1036 886">
     <span class='ocr_line' id='line_1_8' title="bbox 349 761 1036 818; baseline -0.012 -9"><span class='ocrx_word' id='word_1_23' title='bbox 349 766 445 809; x_wconf 88' lang='lat' dir='ltr'><strong>Non</strong></span> <span class='ocrx_word' id='word_1_24' title='bbox 467 764 632 807; x_wconf 88' lang='lat' dir='ltr'><strong>usitatis</strong></span> <span class='ocrx_word' id='word_1_25' title='bbox 654 764 777 814; x_wconf 83' lang='lat' dir='ltr'><strong>vare,</strong></span> <span class='ocrx_word' id='word_1_26' title='bbox 798 761 1036 818; x_wconf 89' lang='lat' dir='ltr'><strong>potionibus</strong></span> 
     </span>
     <span class='ocr_line' id='line_1_9' title="bbox 408 831 1029 886; baseline -0.01 -9"><span class='ocrx_word' id='word_1_27' title='bbox 408 831 468 885; x_wconf 94' lang='grc' dir='ltr'><strong>(Ο</strong></span> <span class='ocrx_word' id='word_1_28' title='bbox 490 832 622 875; x_wconf 89' lang='lat' dir='ltr'><strong>multa</strong></span> <span class='ocrx_word' id='word_1_29' title='bbox 641 831 835 874; x_wconf 87' lang='lat' dir='ltr'><strong>fleturum</strong></span> <span class='ocrx_word' id='word_1_30' title='bbox 857 838 983 886; x_wconf 89' lang='lat' dir='ltr'><strong>caput</strong></span> <span class='ocrx_word' id='word_1_31' title='bbox 997 831 1029 883; x_wconf 71' lang='grc' dir='ltr'><strong>Ξ)</strong></span> 
     </span>
    </p>

    <p class='ocr_par' dir='ltr' id='par_1_7' title="bbox 348 900 1230 1011">
     <span class='ocr_line' id='line_1_10' title="bbox 348 900 1230 945; baseline -0.009 -2"><span class='ocrx_word' id='word_1_32' title='bbox 348 900 418 943; x_wconf 89' lang='lat' dir='ltr'><strong>Ad</strong></span> <span class='ocrx_word' id='word_1_33' title='bbox 429 914 495 942; x_wconf 90' lang='lat' dir='ltr'><strong>me</strong></span> <span class='ocrx_word' id='word_1_34' title='bbox 513 913 724 945; x_wconf 83' lang='lat' dir='ltr'><strong>recurres;</strong></span> <span class='ocrx_word' id='word_1_35' title='bbox 756 911 832 938; x_wconf 89' lang='lat' dir='ltr'><strong>nec</strong></span> <span class='ocrx_word' id='word_1_36' title='bbox 853 904 1000 937; x_wconf 86' lang='lat' dir='ltr'><strong>vocata</strong></span> <span class='ocrx_word' id='word_1_37' title='bbox 1020 908 1136 936; x_wconf 88' lang='lat' dir='ltr'><strong>mens</strong></span> <span class='ocrx_word' id='word_1_38' title='bbox 1158 902 1230 935; x_wconf 88' lang='lat' dir='ltr'><strong>tua</strong></span> 
     </span>
     <span class='ocr_line' id='line_1_11' title="bbox 407 964 941 1011; baseline -0.011 0"><span class='ocrx_word' id='word_1_39' title='bbox 407 967 567 1011; x_wconf 81' lang='lat' dir='ltr'>Marsis</span> <span class='ocrx_word' id='word_1_40' title='bbox 586 965 739 1009; x_wconf 87' lang='lat' dir='ltr'><strong>redibit</strong></span> <span class='ocrx_word' id='word_1_41' title='bbox 760 964 941 1006; x_wconf 89' lang='lat' dir='ltr'><strong>vocibus.</strong></span> 
     </span>
    </p>

    <p class='ocr_par' dir='ltr' id='par_1_8' title="bbox 350 1030 1174 1093">
     <span class='ocr_line' id='line_1_12' title="bbox 350 1030 1174 1093; baseline -0.01 -13"><span class='ocrx_word' id='word_1_42' title='bbox 350 1037 498 1093; x_wconf 85' lang='lat' dir='ltr'><strong>Majus</strong></span> <span class='ocrx_word' id='word_1_43' title='bbox 515 1036 684 1092; x_wconf 85' lang='lat' dir='ltr'><strong>parabo,</strong></span> <span class='ocrx_word' id='word_1_44' title='bbox 707 1033 839 1090; x_wconf 90' lang='lat' dir='ltr'><strong>majus</strong></span> <span class='ocrx_word' id='word_1_45' title='bbox 859 1032 1076 1074; x_wconf 85' lang='lat' dir='ltr'><strong>infundam</strong></span> <span class='ocrx_word' id='word_1_46' title='bbox 1098 1030 1174 1072; x_wconf 89' lang='lat' dir='ltr'><strong>tibi</strong></span> 
     </span>
    </p>

    <p class='ocr_par' dir='ltr' id='par_1_9' title="bbox 352 1102 937 1159">
     <span class='ocr_line' id='line_1_13' title="bbox 352 1102 937 1159; baseline -0.014 -10"><span class='ocrx_word' id='word_1_47' title='bbox 352 1152 355 1154; x_wconf 70' lang='grc'><strong>,</strong></span> <span class='ocrx_word' id='word_1_48' title='bbox 408 1104 660 1148; x_wconf 88' lang='lat' dir='ltr'><strong>Fastidienti</strong></span> <span class='ocrx_word' id='word_1_49' title='bbox 681 1102 891 1159; x_wconf 85' lang='lat' dir='ltr'><strong>poculum.</strong></span> <span class='ocrx_word' id='word_1_50' title='bbox 933 1134 937 1139; x_wconf 94' lang='lat'>.</span> 
     </span>
    </p>

    <p class='ocr_par' dir='ltr' id='par_1_10' title="bbox 349 1168 1180 1298">
     <span class='ocr_line' id='line_1_14' title="bbox 349 1168 1180 1230; baseline -0.01 -13"><span class='ocrx_word' id='word_1_51' title='bbox 349 1173 554 1230; x_wconf 85' lang='lat' dir='ltr'><strong>Priusque</strong></span> <span class='ocrx_word' id='word_1_52' title='bbox 573 1172 718 1215; x_wconf 86' lang='lat' dir='ltr'><strong>caelum</strong></span> <span class='ocrx_word' id='word_1_53' title='bbox 742 1171 849 1213; x_wconf 89' lang='lat' dir='ltr'><strong>sidet</strong></span> <span class='ocrx_word' id='word_1_54' title='bbox 871 1170 1042 1212; x_wconf 88' lang='lat' dir='ltr'><strong>inferius</strong></span> <span class='ocrx_word' id='word_1_55' title='bbox 1062 1168 1180 1218; x_wconf 87' lang='lat' dir='ltr'><strong>mari,</strong></span> 
     </span>
     <span class='ocr_line' id='line_1_15' title="bbox 409 1242 947 1298; baseline -0.007 -14"><span class='ocrx_word' id='word_1_56' title='bbox 409 1242 582 1284; x_wconf 84' lang='lat' dir='ltr'><strong>Tellure</strong></span> <span class='ocrx_word' id='word_1_57' title='bbox 601 1247 789 1298; x_wconf 85' lang='lat' dir='ltr'><strong>porrecta</strong></span> <span class='ocrx_word' id='word_1_58' title='bbox 809 1254 947 1295; x_wconf 88' lang='lat' dir='ltr'><strong>super,</strong></span> 
     </span>
    </p>

    <p class='ocr_par' dir='ltr' id='par_1_11' title="bbox 350 1305 1194 1432">
     <span class='ocr_line' id='line_1_16' title="bbox 350 1305 1194 1362; baseline -0.007 -10"><span class='ocrx_word' id='word_1_59' title='bbox 350 1311 488 1361; x_wconf 84' lang='lat' dir='ltr'><strong>Quam</strong></span> <span class='ocrx_word' id='word_1_60' title='bbox 509 1323 591 1351; x_wconf 91' lang='lat' dir='ltr'><strong>non</strong></span> <span class='ocrx_word' id='word_1_61' title='bbox 613 1323 750 1350; x_wconf 91' lang='lat' dir='ltr'><strong>amore</strong></span> <span class='ocrx_word' id='word_1_62' title='bbox 771 1307 830 1349; x_wconf 88' lang='lat' dir='ltr'><strong>sic</strong></span> <span class='ocrx_word' id='word_1_63' title='bbox 850 1322 941 1350; x_wconf 91' lang='lat' dir='ltr'><strong>meo</strong></span> <span class='ocrx_word' id='word_1_64' title='bbox 962 1306 1111 1362; x_wconf 85' lang='lat' dir='ltr'><strong>flagres</strong></span> <span class='ocrx_word' id='word_1_65' title='bbox 1131 1305 1194 1347; x_wconf 88' lang='lat' dir='ltr'><strong>uti</strong></span> 
     </span>
     <span class='ocr_line' id='line_1_17' title="bbox 412 1376 933 1432; baseline -0.006 -12"><span class='ocrx_word' id='word_1_66' title='bbox 412 1376 612 1420; x_wconf 88' lang='lat' dir='ltr'><strong>Bitumen</strong></span> <span class='ocrx_word' id='word_1_67' title='bbox 633 1377 733 1419; x_wconf 88' lang='lat' dir='ltr'><strong>atris</strong></span> <span class='ocrx_word' id='word_1_68' title='bbox 753 1376 933 1432; x_wconf 88' lang='lat' dir='ltr'>ignibus.</span> 
     </span>
    </p>

    <p class='ocr_par' dir='ltr' id='par_1_12' title="bbox 353 1442 1311 1569">
     <span class='ocr_line' id='line_1_18' title="bbox 353 1442 1311 1503; baseline -0.007 -12"><span class='ocrx_word' id='word_1_69' title='bbox 353 1449 444 1491; x_wconf 90' lang='lat' dir='ltr'><strong>Sub</strong></span> <span class='ocrx_word' id='word_1_70' title='bbox 462 1447 553 1490; x_wconf 90' lang='lat' dir='ltr'><strong>haec</strong></span> <span class='ocrx_word' id='word_1_71' title='bbox 572 1462 690 1503; x_wconf 87' lang='lat' dir='ltr'><strong>puer,</strong></span> <span class='ocrx_word' id='word_1_72' title='bbox 702 1446 791 1501; x_wconf 89' lang='lat' dir='ltr'><strong>jam</strong></span> <span class='ocrx_word' id='word_1_73' title='bbox 812 1460 895 1487; x_wconf 92' lang='lat' dir='ltr'><strong>non</strong></span> <span class='ocrx_word' id='word_1_74' title='bbox 916 1455 963 1486; x_wconf 91' lang='lat' dir='ltr'><strong>ut</strong></span> <span class='ocrx_word' id='word_1_75' title='bbox 984 1452 1095 1495; x_wconf 88' lang='lat' dir='ltr'><strong>ante,</strong></span> <span class='ocrx_word' id='word_1_76' title='bbox 1117 1442 1311 1485; x_wconf 90' lang='lat' dir='ltr'><strong>mollibus</strong></span> 
     </span>
     <span class='ocr_line' id='line_1_19' title="bbox 412 1514 916 1569; baseline -0.008 -10"><span class='ocrx_word' id='word_1_77' title='bbox 412 1516 568 1559; x_wconf 89' lang='lat' dir='ltr'><strong>Lenire</strong></span> <span class='ocrx_word' id='word_1_78' title='bbox 587 1515 723 1558; x_wconf 86' lang='lat' dir='ltr'><strong>verbis</strong></span> <span class='ocrx_word' id='word_1_79' title='bbox 743 1514 916 1569; x_wconf 88' lang='lat' dir='ltr'><strong>impias;</strong></span> 
     </span>
    </p>

    <p class='ocr_par' dir='ltr' id='par_1_13' title="bbox 355 1578 1222 1706">
     <span class='ocr_line' id='line_1_20' title="bbox 355 1578 1222 1635; baseline -0.009 -9"><span class='ocrx_word' id='word_1_80' title='bbox 355 1583 441 1626; x_wconf 87' lang='lat' dir='ltr'><strong>Sed</strong></span> <span class='ocrx_word' id='word_1_81' title='bbox 461 1582 613 1625; x_wconf 88' lang='lat' dir='ltr'><strong>dubius</strong></span> <span class='ocrx_word' id='word_1_82' title='bbox 632 1581 744 1623; x_wconf 87' lang='lat' dir='ltr'><strong>unde</strong></span> <span class='ocrx_word' id='word_1_83' title='bbox 764 1588 973 1635; x_wconf 86' lang='lat' dir='ltr'><strong>rumperet</strong></span> <span class='ocrx_word' id='word_1_84' title='bbox 994 1578 1222 1627; x_wconf 88' lang='lat' dir='ltr'><strong>silentium,</strong></span> 
     </span>
     <span class='ocr_line' id='line_1_21' title="bbox 416 1650 974 1706; baseline -0.007 -12"><span class='ocrx_word' id='word_1_85' title='bbox 416 1651 542 1694; x_wconf 84' lang='lat' dir='ltr'>Misit</span> <span class='ocrx_word' id='word_1_86' title='bbox 563 1650 800 1706; x_wconf 84' lang='lat' dir='ltr'><strong>Thyesteas</strong></span> <span class='ocrx_word' id='word_1_87' title='bbox 819 1663 974 1704; x_wconf 81' lang='lat' dir='ltr'><strong>preces.</strong></span> 
     </span>
    </p>

    <p class='ocr_par' dir='ltr' id='par_1_14' title="bbox 358 1711 1324 1828">
     <span class='ocr_line' id='line_1_22' title="bbox 358 1711 1324 1772; baseline -0.006 -13"><span class='ocrx_word' id='word_1_88' title='bbox 358 1719 529 1761; x_wconf 84' lang='lat' dir='ltr'><strong>Venena</strong></span> <span class='ocrx_word' id='word_1_89' title='bbox 548 1729 744 1772; x_wconf 90' lang='lat' dir='ltr'><strong>magnum</strong></span> <span class='ocrx_word' id='word_1_90' title='bbox 765 1714 827 1756; x_wconf 86' lang='lat' dir='ltr'><strong>fas</strong></span> <span class='ocrx_word' id='word_1_91' title='bbox 847 1714 1059 1770; x_wconf 87' lang='lat' dir='ltr'><strong>nefasque,</strong></span> <span class='ocrx_word' id='word_1_92' title='bbox 1081 1727 1163 1754; x_wconf 90' lang='lat' dir='ltr'><strong>non</strong></span> <span class='ocrx_word' id='word_1_93' title='bbox 1185 1711 1324 1754; x_wconf 85' lang='lat' dir='ltr'><strong>valent</strong></span> 
     </span>
     <span class='ocr_line' id='line_1_23' title="bbox 416 1781 1078 1828; baseline -0.009 0"><span class='ocrx_word' id='word_1_94' title='bbox 416 1787 669 1828; x_wconf 86' lang='lat' dir='ltr'><strong>Convertere</strong></span> <span class='ocrx_word' id='word_1_95' title='bbox 689 1782 913 1824; x_wconf 81' lang='lat' dir='ltr'><strong>humanam</strong></span> <span class='ocrx_word' id='word_1_96' title='bbox 932 1781 1078 1823; x_wconf 90' lang='lat' dir='ltr'><strong>vicem.</strong></span> 
     </span>
    </p>

    <p class='ocr_par' dir='ltr' id='par_1_15' title="bbox 359 1849 1100 1977">
     <span class='ocr_line' id='line_1_24' title="bbox 359 1849 1100 1908; baseline -0.008 -12"><span class='ocrx_word' id='word_1_97' title='bbox 359 1853 478 1896; x_wconf 85' lang='lat' dir='ltr'><strong>Diris</strong></span> <span class='ocrx_word' id='word_1_98' title='bbox 497 1866 616 1908; x_wconf 90' lang='lat' dir='ltr'><strong>agam</strong></span> <span class='ocrx_word' id='word_1_99' title='bbox 639 1866 737 1892; x_wconf 90' lang='lat' dir='ltr'><strong>vos:</strong></span> <span class='ocrx_word' id='word_1_100' title='bbox 771 1850 861 1892; x_wconf 88' lang='lat' dir='ltr'><strong>dira</strong></span> <span class='ocrx_word' id='word_1_101' title='bbox 881 1849 1100 1891; x_wconf 89' lang='lat' dir='ltr'><strong>detestatio</strong></span> 
     </span>
     <span class='ocr_line' id='line_1_25' title="bbox 420 1918 962 1977; baseline -0.011 -12"><span class='ocrx_word' id='word_1_102' title='bbox 420 1922 551 1965; x_wconf 90' lang='lat' dir='ltr'><strong>Nulla</strong></span> <span class='ocrx_word' id='word_1_103' title='bbox 570 1920 761 1977; x_wconf 85' lang='lat' dir='ltr'><strong>expiatur</strong></span> <span class='ocrx_word' id='word_1_104' title='bbox 781 1918 962 1961; x_wconf 88' lang='lat' dir='ltr'><strong>victima.</strong></span> 
     </span>
    </p>

    <p class='ocr_par' dir='ltr' id='par_1_16' title="bbox 358 1986 1188 2106">
     <span class='ocr_line' id='line_1_26' title="bbox 358 1986 1188 2045; baseline -0.01 -10"><span class='ocrx_word' id='word_1_105' title='bbox 358 1992 490 2045; x_wconf 81' lang='lat' dir='ltr'><strong>Quin,</strong></span> <span class='ocrx_word' id='word_1_106' title='bbox 509 1990 582 2033; x_wconf 95' lang='lat' dir='ltr'><strong>ubi</strong></span> <span class='ocrx_word' id='word_1_107' title='bbox 601 1989 736 2045; x_wconf 87' lang='lat' dir='ltr'><strong>perire</strong></span> <span class='ocrx_word' id='word_1_108' title='bbox 748 1988 892 2044; x_wconf 88' lang='lat' dir='ltr'><strong>jussus</strong></span> <span class='ocrx_word' id='word_1_109' title='bbox 913 1986 1188 2042; x_wconf 85' lang='lat' dir='ltr'><strong>exspiravero,</strong></span> 
     </span>
     <span class='ocr_line' id='line_1_27' title="bbox 419 2056 1068 2106; baseline -0.012 -3"><span class='ocrx_word' id='word_1_110' title='bbox 419 2061 662 2103; x_wconf 91' lang='lat' dir='ltr'><strong>Nocturnus</strong></span> <span class='ocrx_word' id='word_1_111' title='bbox 682 2070 893 2100; x_wconf 86' lang='lat' dir='ltr'><strong>occurram</strong></span> <span class='ocrx_word' id='word_1_112' title='bbox 916 2056 1068 2106; x_wconf 87' lang='lat' dir='ltr'><strong>Furor,</strong></span> 
     </span>
    </p>

    <p class='ocr_par' dir='ltr' id='par_1_17' title="bbox 362 2122 1321 2248">
     <span class='ocr_line' id='line_1_28' title="bbox 362 2122 1321 2185; baseline -0.009 -13"><span class='ocrx_word' id='word_1_113' title='bbox 362 2129 592 2185; x_wconf 88' lang='lat' dir='ltr'><strong>Petamque</strong></span> <span class='ocrx_word' id='word_1_114' title='bbox 611 2127 752 2169; x_wconf 89' lang='lat' dir='ltr'><strong>vultus</strong></span> <span class='ocrx_word' id='word_1_115' title='bbox 773 2125 919 2167; x_wconf 91' lang='lat' dir='ltr'><strong>umbra</strong></span> <span class='ocrx_word' id='word_1_116' title='bbox 938 2123 1076 2166; x_wconf 86' lang='lat' dir='ltr'><strong>curvis</strong></span> <span class='ocrx_word' id='word_1_117' title='bbox 1095 2122 1321 2178; x_wconf 89' lang='lat' dir='ltr'><strong>unguibus,</strong></span> 
     </span>
     <span class='ocr_line' id='line_1_29' title="bbox 423 2192 1182 2248; baseline -0.009 -9"><span class='ocrx_word' id='word_1_118' title='bbox 423 2195 551 2248; x_wconf 85' lang='lat' dir='ltr'><strong>(Quae</strong></span> <span class='ocrx_word' id='word_1_119' title='bbox 571 2195 635 2236; x_wconf 86' lang='lat' dir='ltr'><strong>vis</strong></span> <span class='ocrx_word' id='word_1_120' title='bbox 654 2196 840 2236; x_wconf 89' lang='lat' dir='ltr'><strong>Deorum</strong></span> <span class='ocrx_word' id='word_1_121' title='bbox 863 2202 924 2234; x_wconf 90' lang='lat' dir='ltr'><strong>est</strong></span> <span class='ocrx_word' id='word_1_122' title='bbox 946 2192 1182 2243; x_wconf 81' lang='lat' dir='ltr'><strong>Manium3)</strong></span> 
     </span>
    </p>

    <p class='ocr_par' dir='ltr' id='par_1_18' title="bbox 364 2260 1119 2375">
     <span class='ocr_line' id='line_1_30' title="bbox 364 2260 1119 2320; baseline -0.009 -13"><span class='ocrx_word' id='word_1_123' title='bbox 364 2266 426 2308; x_wconf 89' lang='lat' dir='ltr'><strong>Et</strong></span> <span class='ocrx_word' id='word_1_124' title='bbox 444 2263 642 2320; x_wconf 88' lang='lat' dir='ltr'><strong>inquietis</strong></span> <span class='ocrx_word' id='word_1_125' title='bbox 661 2262 846 2304; x_wconf 89' lang='lat' dir='ltr'><strong>assidens</strong></span> <span class='ocrx_word' id='word_1_126' title='bbox 866 2260 1119 2316; x_wconf 75' lang='lat' dir='ltr'><strong>praecordiis,</strong></span> 
     </span>
     <span class='ocr_line' id='line_1_31' title="bbox 422 2328 982 2375; baseline -0.007 -1"><span class='ocrx_word' id='word_1_127' title='bbox 422 2332 583 2375; x_wconf 87' lang='lat' dir='ltr'><strong>Pavore</strong></span> <span class='ocrx_word' id='word_1_128' title='bbox 603 2344 766 2373; x_wconf 88' lang='lat' dir='ltr'><strong>somnos</strong></span> <span class='ocrx_word' id='word_1_129' title='bbox 786 2328 982 2372; x_wconf 81' lang='lat' dir='ltr'><strong>auferam.</strong></span> 
     </span>
    </p>

    <p class='ocr_par' dir='ltr' id='par_1_19' title="bbox 366 2396 1370 2520">
     <span class='ocr_line' id='line_1_32' title="bbox 366 2396 1370 2452; baseline -0.007 -8"><span class='ocrx_word' id='word_1_130' title='bbox 366 2402 452 2444; x_wconf 84' lang='lat' dir='ltr'><strong>Vos</strong></span> <span class='ocrx_word' id='word_1_131' title='bbox 472 2400 595 2443; x_wconf 86' lang='lat' dir='ltr'><strong>turba</strong></span> <span class='ocrx_word' id='word_1_132' title='bbox 610 2398 777 2441; x_wconf 84' lang='lat' dir='ltr'><strong>vicatim</strong></span> <span class='ocrx_word' id='word_1_133' title='bbox 798 2396 899 2439; x_wconf 91' lang='lat' dir='ltr'><strong>hine</strong></span> <span class='ocrx_word' id='word_1_134' title='bbox 918 2406 960 2440; x_wconf 91' lang='lat' dir='ltr'><strong>et</strong></span> <span class='ocrx_word' id='word_1_135' title='bbox 978 2397 1077 2439; x_wconf 86' lang='lat' dir='ltr'><strong>hinc</strong></span> <span class='ocrx_word' id='word_1_136' title='bbox 1097 2396 1205 2439; x_wconf 89' lang='lat' dir='ltr'><strong>saxis</strong></span> <span class='ocrx_word' id='word_1_137' title='bbox 1225 2404 1370 2452; x_wconf 90' lang='lat' dir='ltr'><strong>petens</strong></span> 
     </span>
     <span class='ocr_line' id='line_1_33' title="bbox 424 2468 1051 2520; baseline -0.008 -8"><span class='ocrx_word' id='word_1_138' title='bbox 424 2469 680 2520; x_wconf 88' lang='lat' dir='ltr'><strong>Contundet‚</strong></span> <span class='ocrx_word' id='word_1_139' title='bbox 701 2468 900 2510; x_wconf 87' lang='lat' dir='ltr'><strong>obscenas</strong></span> <span class='ocrx_word' id='word_1_140' title='bbox 921 2480 1051 2514; x_wconf 85' lang='lat' dir='ltr'><strong>anus;</strong></span> 
     </span>
    </p>

    <p class='ocr_par' dir='ltr' id='par_1_20' title="bbox 366 2534 1255 2662">
     <span class='ocr_line' id='line_1_34' title="bbox 366 2534 1255 2593; baseline -0.004 -13"><span class='ocrx_word' id='word_1_141' title='bbox 366 2538 484 2589; x_wconf 83' lang='lat' dir='ltr'><strong>Post,</strong></span> <span class='ocrx_word' id='word_1_142' title='bbox 505 2536 713 2593; x_wconf 90' lang='lat' dir='ltr'><strong>insepulta</strong></span> <span class='ocrx_word' id='word_1_143' title='bbox 733 2535 917 2578; x_wconf 90' lang='lat' dir='ltr'><strong>membra</strong></span> <span class='ocrx_word' id='word_1_144' title='bbox 937 2534 1130 2578; x_wconf 81' lang='lat' dir='ltr'><strong>different</strong></span> <span class='ocrx_word' id='word_1_145' title='bbox 1150 2535 1255 2592; x_wconf 84' lang='lat' dir='ltr'><strong>lupi,</strong></span> 
     </span>
     <span class='ocr_line' id='line_1_35' title="bbox 425 2604 911 2662; baseline -0.006 -14"><span class='ocrx_word' id='word_1_146' title='bbox 425 2607 486 2648; x_wconf 88' lang='lat' dir='ltr'><strong>Et</strong></span> <span class='ocrx_word' id='word_1_147' title='bbox 501 2605 751 2662; x_wconf 86' lang='lat' dir='ltr'><strong>Esquiliniae</strong></span> <span class='ocrx_word' id='word_1_148' title='bbox 767 2604 886 2648; x_wconf 86' lang='lat' dir='ltr'><strong>alites</strong></span> <span class='ocrx_word' id='word_1_149' title='bbox 901 2619 911 2645; x_wconf 92' lang='lat'>:</span> 
     </span>
    </p>

    <p class='ocr_par' dir='ltr' id='par_1_21' title="bbox 368 2669 1390 2799">
     <span class='ocr_line' id='line_1_36' title="bbox 368 2669 1390 2730; baseline -0.005 -13"><span class='ocrx_word' id='word_1_150' title='bbox 368 2675 518 2730; x_wconf 90' lang='lat' dir='ltr'><strong>Neque</strong></span> <span class='ocrx_word' id='word_1_151' title='bbox 535 2674 616 2716; x_wconf 91' lang='lat' dir='ltr'><strong>hoc</strong></span> <span class='ocrx_word' id='word_1_152' title='bbox 635 2682 826 2730; x_wconf 90' lang='lat' dir='ltr'><strong>parentes</strong></span> <span class='ocrx_word' id='word_1_153' title='bbox 845 2672 949 2724; x_wconf 86' lang='lat' dir='ltr'><strong>(heu</strong></span> <span class='ocrx_word' id='word_1_154' title='bbox 972 2672 1075 2715; x_wconf 91' lang='lat' dir='ltr'><strong>mihi</strong></span> <span class='ocrx_word' id='word_1_155' title='bbox 1098 2672 1338 2729; x_wconf 87' lang='lat' dir='ltr'><strong>superstites</strong></span> <span class='ocrx_word' id='word_1_156' title='bbox 1357 2669 1390 2727; x_wconf 90' lang='lat'><strong>!)</strong></span> 
     </span>
     <span class='ocr_line' id='line_1_37' title="bbox 426 2741 950 2799; baseline -0.002 -15"><span class='ocrx_word' id='word_1_157' title='bbox 426 2741 636 2798; x_wconf 83' lang='lat' dir='ltr'><strong>Effugerit</strong></span> <span class='ocrx_word' id='word_1_158' title='bbox 652 2742 950 2799; x_wconf 78' lang='lat' dir='ltr'><strong>spectaculum.</strong></span> 
     </span>
    </p>
   </div>
   <div class='ocr_carea' id='block_1_4' title="bbox 1572 302 1626 354">
    <p class='ocr_par' dir='ltr' id='par_1_22' title="bbox 1572 302 1626 354">
     <span class='ocr_line' id='line_1_38' title="bbox 1572 302 1626 354; baseline 0 -12"><span class='ocrx_word' id='word_1_159' title='bbox 1572 302 1626 354; x_wconf 77' lang='lat' dir='ltr'><strong>&#39;Il</strong></span> 
     </span>
    </p>
   </div>
   <div class='ocr_carea' id='block_1_5' title="bbox 1571 551 1649 628">
    <p class='ocr_par' dir='ltr' id='par_1_23' title="bbox 1571 551 1649 628">
     <span class='ocr_line' id='line_1_39' title="bbox 1571 551 1649 628; baseline -0.013 -34"><span class='ocrx_word' id='word_1_160' title='bbox 1571 551 1628 606; x_wconf 83' lang='lat'><strong>70</strong></span> <span class='ocrx_word' id='word_1_161' title='bbox 1644 622 1649 628; x_wconf 17' lang='grc' dir='ltr'>ἱ</span> 
     </span>
    </p>
   </div>
   <div class='ocr_carea' id='block_1_6' title="bbox 1570 1238 1630 1279">
    <p class='ocr_par' dir='ltr' id='par_1_24' title="bbox 1570 1238 1630 1279">
     <span class='ocr_line' id='line_1_40' title="bbox 1570 1238 1630 1279; baseline -0.017 0"><span class='ocrx_word' id='word_1_162' title='bbox 1570 1238 1630 1279; x_wconf 87' lang='lat'><strong>80</strong></span> 
     </span>
    </p>
   </div>
   <div class='ocr_carea' id='block_1_7' title="bbox 1573 1580 1629 1620">
    <p class='ocr_par' dir='ltr' id='par_1_25' title="bbox 1573 1580 1629 1620">
     <span class='ocr_line' id='line_1_41' title="bbox 1573 1580 1629 1620; baseline 0 0"><span class='ocrx_word' id='word_1_163' title='bbox 1573 1580 1629 1620; x_wconf 82' lang='lat'><strong>85</strong></span> 
     </span>
    </p>
   </div>
   <div class='ocr_carea' id='block_1_8' title="bbox 1582 2260 1639 2304">
    <p class='ocr_par' dir='ltr' id='par_1_26' title="bbox 1582 2260 1639 2304">
     <span class='ocr_line' id='line_1_42' title="bbox 1582 2260 1639 2304; baseline -0.07 0"><span class='ocrx_word' id='word_1_164' title='bbox 1582 2260 1639 2304; x_wconf 84' lang='lat'><strong>95</strong></span> 
     </span>
    </p>
   </div>
   <div class='ocr_carea' id='block_1_9' title="bbox 1558 2604 1643 2646">
    <p class='ocr_par' dir='ltr' id='par_1_27' title="bbox 1558 2604 1643 2646">
     <span class='ocr_line' id='line_1_43' title="bbox 1558 2604 1643 2646; baseline 0.024 -2"><span class='ocrx_word' id='word_1_165' title='bbox 1558 2604 1643 2646; x_wconf 91' lang='lat'><strong>100</strong></span> 
     </span>
    </p>
   </div>
  </div>
 </body>
</html>
