1962 3268
649 351 973 380 nrrs'rotmmu
997 351 1085 378 Lm.
1110 351 1160 378 11.
1184 337 1224 377 1.
1530 331 1617 386 227

289 455 396 498 Plus<
410 453 559 505 oneris,
574 460 731 509 quanto
751 452 884 494 veniae
905 452 1055 495 minus.
1119 451 1275 507 Aspice
1297 450 1473 493 Plautus
1533 449 1618 503 170

283 523 381 574 Quo
398 530 520 578 pacto
538 529 677 578 partes
697 528 856 562 tutetur
875 519 1051 562 amantis
1072 519 1221 576 ephebi
1238 535 1251 567 ς

283 591 351 634 Ut
371 589 500 646 patris
519 588 694 637 attenti;
727 588 887 631 lenonis
908 597 955 630 ut
975 587 1161 629 insidiosi
1175 588 1201 629 :v

284 660 477 711 Quantus
497 658 551 700 sit
572 658 816 699 Dossennus
834 656 1030 698 edacibus
1049 656 1093 697 in
1114 656 1330 711 parasitis;

282 727 420 779 Quam
441 740 525 767 non
546 724 744 768 adstricto
764 732 976 779 percurrat
995 723 1158 779 pulpita
1178 738 1309 766 socco.

283 792 426 836 Gestit
444 793 554 835 enim
575 805 791 839 nummum
812 791 858 833 in
878 791 1035 833 loculos
1056 791 1288 843 demittere,
1310 799 1404 847 post
1424 790 1503 832 hoc
1535 790 1618 845 175

282 862 464 904 Securus
483 861 606 903 cadat
626 875 679 902 an
699 868 812 915 recto
831 867 914 902 stet
932 859 1076 902 fabula
1095 859 1191 901 talo.

282 930 420 981 Quem
440 929 540 972 tulit
556 929 612 971 ad
633 942 797 971 scenam
818 936 988 970 ventoso
1009 927 1160 970 Gloria
1179 943 1317 979 curru,

283 998 515 1042 Exanimat
534 998 673 1040 lentus
693 1004 914 1052 spectator,
938 996 1106 1038 sedulus
1126 995 1260 1047 inflat,

285 1066 357 1110 sie
374 1067 482 1117 leve,
503 1067 563 1109 sic
581 1080 756 1122 parvum
777 1074 854 1117 est,
877 1064 1059 1107 animum
1078 1065 1194 1121 quod
1213 1064 1350 1107 laudis
1370 1078 1539 1106 avarum

283 1134 460 1179 Subruit
478 1149 527 1178 ac
545 1133 692 1177 reficit.
754 1133 902 1176 Valeat
921 1147 986 1174 res
1007 1132 1182 1184 ludicra,
1204 1133 1321 1175 si-me
1534 1132 1618 1174 180

285 1204 434 1247 Palma
451 1210 603 1260 negata
622 1216 822 1253 macrum,
843 1201 997 1247 donata
1015 1202 1176 1244 reducit
1197 1201 1396 1257 opimum.

285 1273 409 1327 Saepe
428 1270 552 1314 etiam
573 1270 771 1312 audacem
791 1269 911 1324 fugat
929 1269 1010 1313 hoc
1031 1277 1238 1327 terretque
1258 1275 1438 1326 poetam,

284 1339 413 1391 Quod
431 1353 604 1381 numero
623 1338 777 1394 plures,
799 1338 954 1380 virtute
973 1347 1016 1384 et
1034 1338 1189 1381 honore
1209 1339 1403 1391 minores,

283 1407 452 1450 Indocti
471 1406 709 1464 stolidique,
731 1414 773 1448 et
793 1406 1032 1463 depugnare
1051 1408 1202 1464 parati,

285 1476 333 1520 Si
352 1477 560 1520 discordet
580 1491 718 1533 eques,
736 1475 874 1518 media
893 1475 1001 1517 inter
1021 1476 1203 1518 carmina
1221 1483 1399 1531 poscunt
1535 1475 1619 1516 185

285 1546 374 1589 Aut
393 1560 534 1588 ursum
556 1553 630 1587 aut
649 1543 837 1600 pugiles:
870 1542 937 1585 his
957 1558 1054 1586 nam
1075 1544 1292 1600 plebecula
1311 1544 1480 1600 gaudet.

285 1615 441 1658 Verum
461 1613 591 1670 equiti
610 1627 773 1670 quoque
785 1613 874 1669 jam
896 1612 1091 1668 migravit
1110 1613 1164 1659 ab
1182 1628 1281 1655 aure
1301 1613 1492 1668 voluptas

286 1682 435 1725 Omnis
454 1682 509 1724 ad
528 1682 706 1724 incertos
725 1681 866 1723 oculos
886 1688 928 1723 et
949 1681 1103 1736 gaudia
1123 1695 1241 1723 vana.

286 1752 494 1803 Quattuor
513 1759 586 1793 aut
608 1750 748 1806 plures
769 1749 904 1792 aulaea
921 1758 1167 1805 premuntur
1186 1749 1231 1791 in
1247 1749 1386 1800 horas,

286 1820 402 1861 Dum
423 1818 593 1875 fugiunt
612 1818 797 1874 equitum
820 1826 969 1859 turmae
989 1818 1260 1874 peditumque
1280 1826 1483 1865 catervae;
1534 1817 1619 1862 190

287 1888 396 1929 Mox
415 1886 594 1929 trahitur
612 1887 803 1929 manibus
822 1900 967 1941 regum
987 1885 1153 1928 fortuna
1172 1887 1350 1938 retortis,

286 1955 448 1998 Esseda
466 1954 678 2007 festinant,
698 1955 871 2010 pilenta,
893 1954 1104 2010 petorrita,
1126 1968 1253 1996 naves
1270 1971 1282 2003 3

287 2022 513 2079 Captivum
536 2031 723 2079 portatur
743 2023 858 2073 ebur,
881 2023 1047 2077 captiva
1068 2022 1309 2064 Corinthus.

287 2090 335 2134 Si
353 2090 459 2134 foret
478 2091 523 2133 in
544 2090 679 2143 terris,
700 2091 854 2133 rideret
874 2089 1166 2138 Democritus;
1200 2104 1273 2131 seu

285 2158 511 2202 Diversum
533 2158 705 2201 confusa
722 2173 854 2214 genus
873 2157 1076 2212 panthera
1092 2158 1273 2208 came103
1536 2157 1620 2201 195

259 2275 262 2279 .
287 2227 388 2270 Sive
406 2225 593 2282 Elephas
613 2226 731 2268 albus
750 2225 867 2280 vulgi
887 2233 1143 2267 converteret
1163 2239 1233 2267 ora
1247 2240 1283 2266 r·-

288 2295 504 2351 Spectaret
522 2293 722 2349 populum
744 2292 855 2334 ludis
870 2293 1069 2335 attentius
1088 2293 1204 2348 ipsis,

288 2364 354 2405 Ut
373 2362 452 2404 sibi
471 2362 725 2417 praebentem
747 2361 874 2403 mimo
894 2361 1128 2418 spectacula
1147 2362 1279 2414 plura.

290 2429 519 2486 Scriptores
540 2437 677 2471 autem
698 2444 863 2472 narrare
882 2438 1048 2485 putaret
1069 2430 1195 2472 asello

288 2498 500 2542 Fabellam
523 2498 670 2540 surdo:
704 2511 799 2540 nam
821 2513 915 2555 quae
935 2499 1174 2554 pervincere
1194 2514 1315 2541 voces
1534 2500 1619 2541 200

288 2566 498 2610 Evaluere
518 2580 679 2616 sonum,
701 2566 884 2608 referunt
903 2581 1026 2623 quem
1047 2576 1187 2610 nostra
1206 2567 1369 2610 theatra
1386 2571 1402 2609 ?

290 2635 537 2691 Garganum
556 2634 716 2691 mugire
736 2643 858 2690 putes
878 2650 1038 2688 nemus,
1060 2645 1134 2679 aut
1162 2651 1275 2679 mare
1294 2637 1478 2679 Tuscum
1495 2654 1503 2678 :

287 2703 426 2744 Tanto
446 2717 540 2744 cum
561 2702 737 2758 strepitu
757 2702 847 2746 ludi
869 2713 1123 2760 spectantur,
1143 2714 1185 2747 et
1210 2714 1333 2757 artes,

290 2769 549 2826 Divitiaeque
568 2771 824 2826 peregrinae;
857 2773 1007 2829 quibus
1028 2774 1181 2816 oblitus
1202 2782 1315 2816 actor

291 2840 399 2881 Cum
423 2839 538 2881 stetit
557 2837 600 2879 in
622 2853 760 2890 scena,
781 2842 988 2883 concurrit
1009 2843 1178 2884 dextera
1198 2842 1332 2883 laevae.
1543 2842 1627 2881 205

1370 2922 1397 2950 Q
1429 2912 1454 2946 2
