1962 3268
661 286 914 316 mmmmm
947 286 1039 314 mn.
1071 285 1145 315 111.
1173 274 1214 315 3.

329 388 534 446 Suspiret,
555 388 680 432 Eheu
698 386 707 430 !
739 402 793 431 ne
811 387 927 430 rudis
947 386 1159 443 agminum

329 458 514 515 Sponsus
534 457 707 499 lacessat
726 456 867 511 regius
888 469 1080 510 asperum

387 527 528 568 Tactu
542 524 718 574 leonem,
739 537 862 580 quem
879 529 1051 564 cruenta

439 593 523 635 Per
541 591 699 634 medias
717 590 828 647 rapit
847 590 908 632 ira
929 589 1076 631 caedes.

325 662 490 704 Duncn
512 668 555 702 et
575 660 770 703 decorum
789 666 852 701 est
870 672 946 714 pro
966 655 1102 713 patria
1121 657 1251 699 mori:

322 729 442 771 Mors
461 736 503 771 et
520 727 710 783 fugacem
730 726 990 782 persequitur
1009 724 1144 767 virum
1163 738 1174 772 ;

380 796 472 838 Nec
489 795 623 851 parcit
641 794 820 837 imbellis
831 794 1022 850 juventae

441 862 692 920 poplitibus,
713 862 913 905 timidove
934 870 1066 918 tergo.

322 932 484 985 Virtus,
504 932 682 988 repulsae
701 931 839 974 nescia
859 930 1052 983 sordidae,

325 1000 593 1043 Intaminatis
612 1000 749 1056 fulget
768 999 1020 1041 honoribus:
1081 1049 1085 1053 .

381 1070 474 1112 Nec
494 1068 621 1111 sumit
639 1077 712 1111 aut
731 1068 850 1124 ponit
871 1082 1032 1110 secures

438 1136 629 1179 Arbitrio
648 1136 860 1192 popularis
880 1151 1007 1178 aurae.

323 1204 484 1256 Virtus,
503 1205 721 1262 recludens
741 1204 958 1246 immeritis
977 1203 1081 1245 mori

323 1273 506 1325 Coelum,
528 1281 679 1328 negata
699 1280 833 1314 tentat
851 1272 931 1314 iter
952 1271 1043 1320 via;

385 1342 616 1398 Coetusque
636 1340 829 1396 vulgares
850 1348 892 1382 et
911 1339 1038 1382 udam

439 1409 607 1466 Spernit
625 1409 799 1451 humum
819 1408 1008 1463 fugiente
1026 1422 1174 1464 penna.

324 1479 407 1521 Est
426 1487 468 1521 et
482 1478 597 1520 fideli
615 1486 707 1520 tuta
728 1476 893 1519 silentio

323 1546 510 1590 Merces:
545 1546 711 1597 vetabo,
732 1545 804 1601 qui
826 1543 990 1586 Cereris
1011 1558 1171 1587 sacrum

379 1613 576 1671 Vulgarit
595 1628 770 1665 arcanae,
787 1612 865 1655 sub
884 1612 1032 1655 iisdem

441 1683 506 1726 Sit
527 1682 728 1734 trabibus,
748 1681 992 1736 fragilemve
1013 1695 1174 1723 mecum

325 1755 468 1798 Solvat
486 1752 716 1809 phaselum.
778 1752 900 1806 Saepe
919 1749 1134 1806 Diespiter

322 1823 551 1879 Neglectus
566 1821 723 1863 incesto
743 1819 906 1862 addidit
925 1818 1158 1875 integrum:

380 1889 495 1932 Raro
515 1886 825 1930 antecedentem
847 1884 1066 1927 scelestum

435 1955 633 1999 Deseruit
651 1955 758 2011 pede
780 1955 915 1996 Poena
934 1952 1096 1995 claudo.

657 2172 785 2214 ODE
819 2171 914 2212 ΙΙΙ.
977 2168 1047 2220 (Μ.
1082 2173 1199 2225 xlX.)

322 2275 352 2316 J
359 2287 438 2315 usT
446 2287 509 2314 υΜ
530 2281 572 2314 et
592 2273 777 2314 tenacem
797 2269 1000 2327 propositi
1020 2270 1172 2323 virum,

323 2343 419 2384 Non
441 2341 593 2384 civium
614 2341 735 2383 ardor
755 2354 882 2396 prava
894 2339 1151 2396 jubentium,

381 2410 480 2452 Non
501 2409 642 2452 vultus
662 2408 855 2451 instantis
876 2407 1056 2463 tyranni,

436 2479 586 2520 Mente
605 2476 739 2534 quatit
759 2477 905 2528 solida,
925 2491 1060 2533 neque
1080 2478 1239 2520 Auster

320 2546 423 2589 Dux
438 2546 612 2603 inquieti
628 2546 818 2588 turbidus
833 2545 991 2597 Adriae,

321 2616 412 2657 Nec
429 2611 689 2658 fulminantis
708 2629 859 2670 magna
878 2629 1023 2656 manus
1043 2615 1074 2657 J
1077 2614 1190 2658 ovis:

380 2682 424 2724 Si
445 2682 599 2725 fractus
618 2683 812 2725 illabatur
832 2683 958 2735 orbis,

438 2749 701 2807 Impavidum
722 2751 870 2794 ferient
890 2752 1035 2794 ruinae.

1516 266 1602 324 137

1546 455 1603 496 10

1548 796 1603 837 15

1546 1139 1604 1179 20

1544 1482 1600 1523 25

1541 1826 1600 1867 30
