1962 3268
774 569 828 618 Q.
862 571 1117 613 HORATII
1148 572 1364 616 FLAccl

647 691 690 752 S
740 692 801 753 E
856 693 919 754 R
964 693 1041 754 M
1088 692 1148 755 O
1192 693 1258 754 N
1303 694 1370 756 U
1421 695 1499 756 M

819 819 983 859 LIBER
1004 821 1313 860 SECUNDUS.

916 1012 1150 1053 SATIRA
1182 1013 1219 1053 1.

409 1095 531 1135 Sum
552 1094 699 1149 quibus
718 1095 762 1137 in
785 1096 919 1138 Satira
939 1097 1080 1138 videor
1099 1097 1222 1138 nimis
1241 1112 1347 1148 acer,
1368 1106 1410 1139 et
1428 1099 1537 1140 ultra

407 1160 563 1216 Legem
585 1162 752 1204 tendere
770 1177 872 1217 opus
890 1179 901 1211 ;
935 1163 1021 1204 sine
1040 1163 1176 1205 nervis
1197 1164 1323 1206 altera
1341 1165 1538 1222 quicquid

407 1229 630 1283 Composui
650 1244 744 1283 pars
764 1244 855 1272 esse
874 1238 1007 1285 putat,
1030 1230 1264 1286 similesque
1285 1245 1466 1272 meorum

405 1295 530 1336 Mille
549 1295 616 1337 die
635 1310 775 1338 versus
795 1296 944 1338 deduci
963 1311 1094 1351 posse.
1155 1297 1346 1347 Trebati,
1691 1301 1719 1340 4·

404 1361 517 1413 Quid
527 1362 689 1414 faciam,
704 1364 932 1418 praescribe.
964 1363 1213 1414 fflQuiescas.
1246 1363 1356 1411 ffTNe
1371 1363 1533 1415 faciam,
1550 1365 1702 1421 inquis,

404 1428 585 1470 Omnino
604 1433 775 1472 versus?
807 1430 940 1477 ffsAio.
971 1430 1187 1477 ffTPeream
1207 1430 1329 1481 male,
1353 1430 1387 1471 si
1407 1446 1489 1472 non

403 1495 619 1550 Optimum
640 1506 745 1538 erat:
778 1512 921 1538 verum
938 1511 1096 1551 nequeo
1115 1497 1305 1538 dormire.
1336 1497 1468 1544 ἽῙΤει·
1487 1499 1602 1540 uncti

403 1563 667 1604 Transnanto
689 1563 892 1611 Tiberim,
913 1577 1054 1604 somno
1073 1562 1222 1618 quibus
1243 1571 1305 1604 est
1324 1578 1426 1618 opus
1446 1565 1545 1616 alto,

402 1628 693 1684 Irriguumque
712 1644 822 1671 mero
843 1630 918 1671 sub
946 1638 1107 1671 noctem
1129 1644 1275 1685 corpus
1294 1629 1486 1672 habento.

401 1698 508 1746 Aut,
530 1696 565 1737 si
585 1704 724 1738 tantus
744 1711 856 1738 amor
876 1696 1079 1738 scribendi
1100 1704 1140 1737 te
1160 1697 1282 1751 rapit,
1303 1697 1411 1739 aude
1660 1701 1716 1740 10

401 1763 576 1804 Caesaris
595 1763 740 1806 invicti
759 1778 824 1805 res
844 1763 992 1810 dicere,
1014 1762 1145 1804 multa
1165 1763 1349 1805 laborum

400 1830 579 1870 Praemia
593 1829 764 1871 laturus.
798 1829 835 1876 ῚῘ
860 1829 1084 1883 Cupidum‚
1106 1837 1223 1883 pater
1242 1830 1411 1884 optime,
1432 1831 1540 1872 vires

397 1896 635 1937 Deficiunt:
667 1910 799 1951 neque
819 1895 926 1936 enim
947 1895 1081 1949 quivis
1102 1894 1310 1937 horrentia
1329 1896 1424 1951 pilis

396 1962 596 2017 Agmina,
617 1976 693 2002 nec
711 1961 840 2002 fracta
866 1969 1081 2015 pereuntes
1101 1961 1269 2015 cuspide
1291 1963 1451 2012 Gallos,

396 2031 489 2070 Aut
508 2027 682 2069 labentis
702 2042 806 2082 equo
825 2027 1026 2068 describat
1046 2027 1215 2068 vulnera
1236 2028 1396 2069 Parthi.
1654 2033 1708 2073 15

396 2096 433 2143 ἿῙ
451 2096 646 2136 Attamen
666 2102 707 2135 et
720 2094 879 2149 justum
900 2102 1061 2147 poteras
1082 2101 1122 2134 et
1143 2093 1316 2135 scribere
1335 2095 1496 2147 fortem,

396 2161 627 2216 Scipiadam
650 2168 696 2201 ut
716 2161 876 2214 sapiens
898 2159 1099 2200 Lucilius.
1159 2160 1196 2207 ἹῘ
1203 2159 1332 2202 Haud
1351 2162 1453 2203 mihi
1473 2164 1608 2214 deero,

395 2229 502 2269 Cum
522 2242 586 2268 res
605 2227 695 2283 ipsa
713 2227 829 2268 feret.
888 2225 982 2267 Nisi
1002 2226 1144 2267 dextro
1164 2234 1359 2281 tempore,
1382 2228 1523 2270 Flacci

393 2295 530 2336 Verba
548 2309 621 2349 per
639 2301 837 2336 attentam
858 2307 941 2333 non
959 2292 1081 2333 ibunt
1102 2292 1280 2334 Caesaris
1295 2309 1433 2337 aurem
1450 2313 1463 2344 ς

392 2361 474 2402 Cui
494 2362 600 2403 male
616 2361 649 2402 si
669 2361 849 2416 palpere,
865 2359 1094 2401 recalcitrat
1113 2360 1295 2414 undique
1316 2370 1441 2403 tutus.
1649 2368 1706 2408 20

390 2427 598 2477 {Quanto
617 2426 768 2469 rectius
787 2427 880 2475 hoc,
901 2441 1022 2481 quam
1044 2426 1151 2467 tristi
1171 2426 1320 2468 laedere
1341 2442 1460 2470 versu

372 2482 661 2535 'Pantolabum
682 2508 859 2535 scurram
889 2494 1275 2547 Nomentanumque
1292 2503 1480 2548 nepotem
1498 2498 1508 2537 1

389 2560 497 2601 Cum
517 2560 594 2601 sibi
614 2560 785 2615 quisque
805 2560 937 2610 timet,
958 2573 1189 2614 quanquam
1211 2568 1272 2600 est
1295 2559 1488 2613 intactus,
1511 2573 1552 2605 et
1572 2565 1673 2607 odit.

351 2661 353 2664 .
389 2627 426 2674 ἹῘ
431 2626 545 2677 Quid
564 2625 742 2667 faciam?
777 2625 908 2667 Saltat
930 2624 1150 2675 Milonius,
1172 2633 1218 2666 ut
1239 2627 1365 2668 semel
1383 2628 1466 2670 icto

387 2692 577 2735 Accessit
595 2692 730 2733 fervor
749 2691 889 2746 capiti,
910 2705 1188 2747 numerusque
1208 2692 1401 2735 lucernis.
1643 2701 1699 2741 95

387 2761 535 2802 Castor
553 2758 706 2813 gaudet
726 2758 867 2814 equis;
890 2773 968 2800 ovo
987 2767 1210 2813 prognatus
1230 2760 1388 2812 eodem,
