1962 3268
351 343 407 382 38
779 351 817 379 Q.
851 349 1047 376 HORATII
1082 349 1246 376 FLAccx

356 453 391 499 ἿῙ
413 454 508 494 Non
529 466 620 507 ego,
641 457 888 498 narrantem,
911 457 1061 490 temere
1082 448 1149 490 edi
1170 448 1262 489 luce
1282 447 1461 502 profesta

356 519 584 574 Quicquam
605 526 753 572 praeter
773 516 877 568 olus,
897 515 1069 557 fumosae
1091 530 1182 557 cum
1204 515 1310 571 pede
1328 529 1481 570 pernae.

356 589 423 628 Ac
444 586 546 627 mihi
568 600 639 627 seu
659 585 827 639 longum
847 592 940 639 post
961 591 1123 638 tempus
1144 591 1311 624 venerat
1331 582 1495 637 hospes,

358 656 454 696 Sive
475 668 642 709 operum
664 667 792 694 vacuo
813 660 954 708 gratus
975 651 1147 693 conviva
1166 665 1239 706 per
1259 650 1430 692 imbrem

359 722 543 772 Vicinus,
565 722 668 762 bene
687 729 787 771 erat,
808 734 891 760 non
912 718 1091 774 piscibus
1112 719 1213 760 urbe
1233 718 1389 773 petitis,
1593 717 1680 758 120

361 789 442 831 Sed
462 788 580 843 pullo
601 796 721 843 atque
741 787 890 828 hoedo:
923 794 1009 827 tum
1032 785 1199 840 pensilis
1220 800 1302 826 uva
1322 785 1519 827 secundas

360 858 420 898 Et
439 870 527 896 nux
550 856 720 896 ornabat
741 868 914 902 mensas,
937 868 1030 894 cum
1051 852 1216 907 duplice
1234 853 1338 894 ficu:

362 924 463 964 Post
482 922 561 963 hoc
579 922 702 963 ludus
723 929 808 962 erat
829 921 950 975 culpa
969 928 1110 974 potare
1130 919 1350 973 magistra;

361 992 429 1030 Ac
450 997 643 1030 venerata
663 988 802 1039 Ceres,
820 987 879 1028 ita
899 987 1035 1028 culmo
1056 994 1238 1041 surgeret
1259 986 1356 1034 alto,

362 1057 579 1112 Explicuit
599 1057 695 1097 vino
716 1063 934 1097 contractae
958 1053 1062 1095 seria
1081 1052 1239 1093 frontis.
1597 1051 1682 1091 125

364 1124 531 1175 Saeviat,
554 1132 675 1179 atque
694 1138 821 1164 novos
842 1130 1005 1163 moveat
1026 1121 1191 1162 fortuna
1212 1118 1429 1168 tumultus,

363 1193 573 1243 Quantum
589 1190 686 1231 hinc
701 1189 942 1231 imminuet?
965 1196 1118 1243 quanto
1135 1195 1205 1228 aut
1221 1201 1296 1241 ego
1312 1185 1489 1241 parcius,
1507 1193 1578 1227 aut
1594 1199 1683 1235 vos,

363 1260 401 1300 O
423 1258 553 1314 pueri,
575 1257 770 1305 nituistis,
794 1265 840 1297 ut
861 1256 942 1297 huc
962 1270 1093 1296 novus
1113 1254 1246 1295 incola
1266 1252 1412 1294 venit?

363 1327 472 1367 Nam
493 1324 669 1380 propriae
691 1323 847 1366 telluris
867 1323 1012 1364 herum
1033 1330 1180 1363 natura
1199 1334 1331 1375 neque
1352 1318 1484 1369 illum,

363 1393 453 1433 Nec
474 1406 553 1442 me,
573 1406 648 1433 nec
668 1405 912 1447 quemquam
935 1388 1101 1431 statuit:
1134 1401 1208 1428 nos
1229 1386 1388 1441 expulit
1407 1386 1504 1434 ille;
1599 1386 1686 1426 130

364 1459 492 1501 Illum
514 1467 585 1500 aut
604 1458 821 1514 nequities,
843 1465 914 1498 aut
934 1455 1038 1497 vafri
1056 1454 1220 1495 inscitia
1233 1453 1366 1508 juris3

363 1527 578 1567 Postremo
598 1524 773 1580 expellet
794 1532 903 1565 certe
923 1522 1103 1563 vivacior
1121 1520 1267 1562 haeres.

363 1593 489 1633 Nunc
510 1606 605 1647 ager
625 1590 830 1632 Umbreni
851 1590 926 1631 sub
945 1588 1124 1638 nomine,
1145 1602 1277 1643 nuper
1299 1585 1429 1629 Ofelli

364 1660 514 1701 Dictus
535 1668 635 1709 erat,
658 1658 762 1699 nulli
783 1657 996 1712 proprius;
1030 1656 1100 1697 sed
1122 1655 1229 1697 cedit
1250 1655 1293 1696 in
1313 1670 1432 1697 usum

364 1728 489 1768 Nunc
511 1726 627 1776 mihi,
649 1740 759 1766 nunc
780 1725 872 1766 alii:
905 1724 1092 1780 quocirca
1113 1722 1239 1763 vivite
1258 1722 1397 1772 fortes,
1603 1723 1687 1765 135

366 1794 589 1848 Fortiaque
610 1793 789 1834 adversis
810 1791 1002 1846 opponite
1022 1798 1188 1845 pectora
1208 1789 1344 1830 rebus.

850 2067 1079 2108 SATIRA
1112 2066 1204 2106 111.

369 2205 443 2245 Sic
466 2217 556 2244 raro
577 2201 733 2252 scribis,
753 2208 800 2241 ut
820 2208 906 2241 toto
926 2214 1008 2241 non
1029 2208 1171 2255 quater
1192 2213 1299 2241 anno

368 2271 654 2312 Membranam
674 2281 831 2322 poscas,
855 2267 1095 2322 scriptorum
1117 2281 1290 2322 quaeque
1309 2275 1510 2319 retexens,

368 2340 506 2380 Iratus
527 2336 601 2378 tibi
622 2335 732 2391 quod
752 2335 838 2375 vini
859 2334 1070 2390 somnique
1090 2334 1292 2389 benignus

368 2405 441 2446 Nil
462 2398 840 2458 dignum'sermone
861 2416 993 2443 canaS.
1055 2402 1168 2453 Quid
1187 2403 1290 2444 fiet?
1321 2411 1363 2444 at
1382 2402 1482 2457 ipsis

370 2469 654 2514 Saturnalibus
673 2468 755 2509 huc
774 2468 940 2522 fugisti3
972 2468 1128 2510 sobrius
1149 2483 1245 2523 ergo
1659 2471 1686 2510 5

368 2538 450 2579 Dic
471 2535 626 2590 aliquid
647 2535 816 2589 dignum
837 2535 1068 2589 promissisz
1100 2535 1259 2589 incipe3
1292 2535 1352 2576 nil
1372 2543 1445 2577 est.

369 2604 602 2657 Culpantur
621 2601 772 2642 frustra
793 2601 952 2653 calami,
973 2602 1283 2656 immeritusque
1301 2601 1458 2643 laborat

355 2662 494 2711 'Iratis
514 2675 635 2709 natus
655 2667 786 2722 paries
809 2667 904 2708 Diis
925 2676 1048 2723 atque
1066 2668 1213 2723 po'e'tis.

367 2736 501 2792 Atqui
522 2735 661 2775 vultus
681 2742 767 2775 erat
787 2734 917 2776 multa
938 2744 978 2776 et
999 2735 1193 2790 praeclara
1212 2735 1421 2787 minantis,

369 2806 413 2848 Si
433 2817 607 2846 vacuum
630 2801 768 2856 tepido
790 2802 962 2856 cepisset
983 2802 1128 2844 villula
1150 2810 1269 2844 tecto.
1631 2803 1688 2843 10
