1962 3268
737 318 915 346 Eponox
950 313 1102 348 mmm.

300 415 485 459 Credula
504 430 580 458 nec
600 431 719 459 ravos
740 418 913 460 timeant
929 430 1115 462 armenta
1136 420 1289 472 leones,

354 485 567 540 Ametque
585 484 692 527 salsa
711 484 815 528 levis
834 486 976 528 hircus
997 502 1174 542 aequora.

299 550 423 603 Haec,
443 561 486 595 et
503 567 599 609 quae
617 561 813 608 poterunt
834 554 992 597 reditus
1013 556 1253 599 abscindere
1273 559 1429 609 dulces,

352 617 514 663 Eamus
534 620 668 662 omnis
689 630 905 664 exsecrata
925 623 1089 675 civitas,

295 687 385 735 Aut
402 702 498 744 pars
518 688 689 732 indocili
709 689 856 732 melior
874 706 1029 748 grege;
1062 693 1198 735 mollis
1220 703 1262 736 et
1282 709 1427 751 exspes

355 756 593 800 Inominata
613 758 841 814 perprimat
862 760 1030 803 cubilia.

296 825 396 876 Vos,
415 825 567 882 quibus
586 835 649 868 est
669 826 816 878 virtus,
841 828 1082 872 muliebrem
1106 831 1242 874 tollite
1263 832 1437 885 luctum,

351 894 536 937 Etrusca
554 902 706 950 praeter
725 904 767 938 et
783 896 920 939 volate
939 897 1091 941 littora.

294 963 384 1004 Nos
406 971 544 1005 manet
564 977 741 1006 oceanus
761 963 1076 1022 circumvagus:
1111 982 1224 1019 arva,
1246 968 1368 1012 beata

352 1032 551 1074 Petamus
571 1047 684 1083 arva,
706 1032 858 1076 divites
878 1043 919 1076 et
939 1035 1121 1086 insulas;

290 1100 452 1143 Reddit
471 1101 544 1143 ubi
565 1101 756 1144 Cererem
779 1102 902 1144 tellus
921 1103 1080 1146 inarata
1100 1107 1336 1161 quotannis,

347 1170 409 1211 Et
428 1168 633 1225 imputata
652 1169 771 1212 floret
790 1186 920 1227 usque
940 1172 1075 1224 vinea,

286 1237 514 1280 Germinat*
529 1246 570 1280 et
591 1239 1008 1295 nunquam-fallentis
1029 1249 1178 1284 termes
1197 1243 1334 1295 olivae,

349 1307 559 1362 Suamque
579 1306 698 1362 pulla
716 1307 819 1350 ficus
840 1316 960 1350 ornat
979 1309 1181 1362 arborem,

288 1373 424 1417 Mella
443 1388 546 1416 cava
564 1385 734 1418 manant
755 1390 807 1418 ex
826 1376 935 1428 ilice,
957 1378 1168 1421 montibus
1188 1380 1283 1423 altis

344 1442 474 1485 Levis
493 1451 687 1498 crepante
705 1444 878 1500 lympha
898 1445 1038 1489 desilit
1058 1449 1176 1502 pede.

287 1510 386 1553 Illic
404 1510 574 1567 injussae
594 1512 770 1555 veniunt
789 1512 843 1556 ad
862 1515 1038 1558 mulctra
1059 1517 1244 1572 capellae,

343 1579 573 1635 Refertque
593 1587 710 1623 tenta
728 1596 831 1636 grex
850 1582 1008 1625 amicus
1027 1584 1154 1627 ubera
1172 1601 1183 1636 ;

283 1648 375 1690 Nec
393 1647 653 1704 vespertinus
673 1649 962 1706 circumgemit
978 1667 1099 1695 ursus
1119 1655 1235 1706 ovili,

342 1717 436 1759 Nec
451 1716 691 1760 intumescit
712 1718 797 1760 alta
817 1719 970 1775 viperis
989 1721 1166 1765 humus:

283 1785 495 1842 Pluraque
513 1785 655 1828 felices
671 1786 938 1838 mirabimur3
972 1798 1019 1832 ut
1040 1805 1173 1847 neque
1193 1793 1317 1849 largis

340 1855 540 1910 Aquosus
560 1854 704 1896 Eurus
719 1870 818 1898 arva
838 1858 957 1900 radat
978 1858 1192 1912 imbribus,

282 1921 467 1978 Pinguia
485 1936 562 1965 nec
582 1922 702 1965 siccis
722 1933 898 1968 urantur
916 1928 1074 1970 semina
1093 1930 1240 1984 glebis,

340 1990 581 2046 Utrumque
599 2005 696 2047 rege
717 2001 974 2049 temperante
994 1997 1193 2041 coelitum.

279 2058 378 2100 Non
397 2057 482 2101 huc
501 2059 643 2114 Argoo
663 2062 878 2104 contendit
895 2065 1052 2119 remige
1071 2067 1210 2122 pinus,

337 2127 485 2182 Neque
503 2127 716 2183 impudica
737 2130 906 2172 Colchis
926 2132 1070 2176 intulit
1090 2138 1235 2190 pedem
1256 2155 1264 2178 ε

279 2195 378 2236 Non
397 2194 482 2236 huc
504 2194 667 2237 Sidonii
687 2206 896 2240 torserunt
916 2215 1070 2244 cornua
1090 2213 1244 2256 nautae,

337 2262 566 2305 Laboriosa
585 2278 662 2306 nec
683 2264 828 2306 cohors
850 2267 1022 2322 Ulyssei
1039 2286 1050 2310 :

276 2330 430 2383 [Nulla
449 2341 600 2373 nocent
620 2334 759 2386 pecori
780 2336 987 2391 contagia,
1009 2340 1166 2383 nullius
1187 2346 1284 2385 astri

288 2389 295 2395 ⁵
334 2399 518 2455 Gregem
538 2409 717 2443 aestuosa
738 2410 863 2445 torret
883 2405 1161 2463 impotentia]

270 2465 443 2521 Jupiter
457 2466 531 2510 illa
551 2468 633 2524 piae
654 2470 831 2512 secrevit
850 2471 992 2516 littora
1010 2478 1142 2530 genti,

331 2535 398 2576 Ut
415 2535 651 2592 inquinavit
670 2554 751 2580 aere
771 2548 936 2597 tempus
957 2558 1126 2588 aureum
1144 2563 1153 2588 :

274 2601 393 2654 AEre,
414 2603 567 2647 dehinc
587 2606 694 2648 ferro
715 2605 882 2651 duravit
902 2612 1079 2662 saecula;
1114 2630 1286 2671 quorum

334 2672 423 2713 Piis
443 2675 624 2716 secunda
644 2684 739 2718 vate
759 2674 825 2719 me
844 2679 968 2721 datur
987 2681 1098 2736 fuga.

1529 310 1578 350 81

1513 906 1571 945 40

1512 1250 1566 1290 45

1507 1593 1564 1633 50

1497 2280 1555 2323 60
