1962 3268
468 295 553 339 166
899 313 938 342 α.
971 312 1167 340 nomi-ru
1202 313 1366 342 FLAcci

579 414 640 455 Et
662 414 779 457 stella
799 416 940 458 vesani
961 416 1132 468 Leonis,

638 481 733 522 Sole
753 482 839 524 dies
859 483 1058 525 referente
1078 484 1219 526 siccos.

522 549 551 589 J
556 562 619 590 am
641 557 779 604 pastor
800 551 962 592 umbras
985 565 1076 592 cum
1099 567 1223 608 grege
1244 553 1441 609 languido

521 616 758 673 Rivumque
777 617 908 659 fessus
927 619 1089 674 quaerit,
1111 628 1152 661 et
1171 619 1326 661 horridi

577 684 762 726 Dumeta
785 684 941 727 Silvani
961 703 971 734 ;
1003 695 1195 742 caretque

634 751 747 807 Ripa
766 753 882 807 vagis
903 753 1106 795 taciturna
1127 754 1272 795 ventis.

524 820 596 859 Tu
617 819 826 861 civitatem
848 820 939 875 quis
961 821 1104 862 deceat
1125 829 1270 871 status,

519 888 650 928 Curas
666 903 679 937 ;
698 895 750 951 ft
771 887 862 928 urbi
884 887 1064 928 solicitus
1085 887 1219 939 times,

575 953 688 1004 Quid
707 955 823 995 Seres
844 963 884 995 et
904 963 1074 1009 regnata
1092 955 1203 1010 Cyro

633 1022 783 1063 Bactra
803 1030 963 1076 parent,
987 1022 1224 1078 Tanaisque
1245 1023 1411 1065 discors.

449 1134 453 1139 f
517 1089 736 1130 PmmENs
751 1089 880 1130 futuri
898 1089 1091 1144 temporis
1112 1086 1268 1131 exituri]

517 1156 755 1212 Caliginosa
775 1166 893 1199 nocte
914 1157 1063 1212 premit
1085 1158 1201 1200 Deus
1218 1176 1232 1205 3

572 1224 794 1280 Ridetque,
817 1226 850 1266 si
871 1226 1051 1267 mortalis
1074 1226 1182 1268 ultra

631 1293 714 1334 Fas
736 1293 925 1347 trepidat.
984 1294 1105 1344 Quod
1125 1295 1254 1344 adest,
1278 1303 1482 1336 memento

515 1360 772 1415 Componere
793 1375 958 1416 aequus:
993 1370 1138 1403 caetera
1158 1362 1338 1404 fluminis

511 1427 615 1468 Ritu
636 1428 837 1477 feruntur,
860 1444 970 1470 nunc
991 1429 1125 1470 medio
1146 1430 1264 1471 alveo

569 1497 676 1536 Cum
698 1510 798 1550 pace
818 1497 1044 1538 delabentis
1066 1498 1289 1539 Etruscum

627 1565 681 1605 In
701 1579 824 1614 mare,
847 1580 957 1606 nunc
977 1565 1134 1620 lapides
1155 1566 1312 1616 adesos,

512 1632 747 1688 Stirpesque
768 1642 919 1688 raptas,
942 1642 982 1674 et
1002 1648 1141 1688 pecus,
1164 1641 1204 1674 et
1225 1634 1381 1686 domos,

512 1700 722 1741 Volventis
742 1715 838 1752 una,
861 1715 942 1742 non
964 1702 1050 1742 sine
1072 1701 1270 1742 montium

567 1767 756 1809 Clamore
777 1768 1006 1824 vicinaeque
1027 1769 1156 1820 silvae,

623 1835 729 1876 Cum
751 1835 838 1877 fera
857 1836 1035 1877 diluvies
1054 1837 1212 1892 quietos

508 1902 650 1943 Irritat
671 1917 824 1944 amnes.
885 1905 997 1944 ILLE
1020 1914 1164 1958 potens
1185 1905 1249 1945 sui

506 1969 731 2024 Laetusque
752 1970 887 2024 deget,
910 1971 976 2011 cui
996 1970 1091 2012 licet
1114 1971 1157 2011 in
1177 1972 1286 2012 diem

564 2036 747 2087 Dixisse,
775 2036 896 2078 Vixi:
931 2053 1018 2079 cras
1039 2038 1104 2079 vel
1124 2047 1212 2080 atra

619 2106 743 2146 Nube
763 2105 902 2160 polum
925 2105 1049 2146 Pater
1069 2115 1282 2160 occupato,

506 2173 579 2214 Vel
600 2172 684 2214 sole
704 2187 806 2227 puro
823 2187 831 2212 :
864 2187 945 2214 non
968 2181 1103 2214 tamen
1124 2173 1299 2223 irritum,

500 2241 783 2296 Quodcunque
803 2249 911 2282 retro
932 2249 1007 2291 est,
1030 2239 1202 2288 efficiet;
1238 2255 1371 2296 neque

558 2307 761 2363 Diffinget
781 2308 1061 2363 infectumque
1082 2309 1240 2358 reddet,

614 2377 735 2427 Quod
755 2375 917 2431 fugiens
939 2376 1063 2417 semel
1083 2376 1182 2417 hora
1203 2376 1325 2418 vexit.

499 2444 699 2494 Fortuna,
722 2459 831 2485 saevo
853 2444 947 2485 laeta
967 2443 1145 2498 negotio,
1168 2452 1209 2484 et

494 2512 664 2554 Ludum
686 2512 926 2553 insolentem
948 2511 1089 2552 ludere
1110 2510 1311 2564 pertinax,

499 2572 503 2575 ⁵
549 2581 822 2620 Transmutat
843 2579 1018 2619 incertos
1041 2578 1227 2626 honores,

607 2647 732 2688 Nunc
752 2646 868 2696 mihi,
890 2659 999 2686 nunc
1022 2644 1092 2685 alii
1113 2643 1305 2698 benigna.

496 2715 644 2756 Laudo
665 2722 894 2755 manentem
911 2729 919 2753 :
954 2712 987 2753 si
1009 2712 1157 2754 celeres
1177 2711 1309 2766 quatit

493 2784 670 2832 Pennas,
695 2781 854 2836 resigno
875 2795 967 2836 quae
985 2780 1113 2830 dedit,
1137 2789 1176 2821 et
1198 2794 1289 2820 mea

1729 825 1785 866 25

1709 2517 1766 2557 50
