1962 3268
756 291 1010 323 mammon
1047 293 1141 321 mn.
1163 288 1243 322 ‘mm
1270 281 1308 319 4.

421 396 646 439 Horrenda
664 396 749 439 late
767 411 918 438 nomen
940 396 983 437 in
1003 395 1171 437 ultimas

420 465 636 508 Extendat
657 478 775 512 oras3
807 462 890 519 q'ua
911 462 1073 504 medius
1093 463 1227 518 liquor

480 531 666 575 Secernit
686 533 885 587 Europen
907 530 960 572 ab
980 529 1103 579 Afro,

535 601 630 652 Qua
650 598 835 641 tumidus
850 598 960 654 rigat
980 613 1079 640 arva
1100 597 1251 640 Nilus:

418 669 579 710 Aurum
600 667 869 723 inrepertum,
891 675 933 709 et
954 666 1014 708 sic
1034 667 1182 708 melius
1203 667 1344 715 situm,

418 737 528 778 Cum
551 744 658 778 terra
671 735 792 786 celat,
814 749 1006 791 spernere
1026 734 1186 784 fortior,

476 806 611 857 Quam
633 818 779 860 cogere
797 803 1000 846 humanos
1021 803 1063 845 in
1085 818 1200 853 usus,

535 874 672 915 Omne
692 887 851 915 sacrum
874 872 1060 928 rapiente
1081 871 1240 913 dextra.

420 939 667 996 Quicunque
688 941 843 982 mundo
865 941 1064 982 terminus
1084 939 1260 989 obstitit,

421 1009 553 1051 Hunc
574 1017 718 1064 tangat
738 1009 877 1059 armis,
899 1009 1031 1050 visere
1051 1007 1235 1064 gestiens

477 1077 572 1128 Qua
591 1087 708 1133 parte
728 1077 1034 1119 debacchentur
1053 1077 1184 1132 ignes,

535 1147 630 1197 Qua
651 1146 813 1188 nebulae
834 1145 1049 1202 pluviique
1069 1160 1194 1187 roreS.

421 1214 505 1255 Sed
518 1214 730 1256 ,bellicosis
751 1215 835 1256 fata
857 1214 1090 1266 Quiritibus

420 1282 517 1324 Hac
538 1282 629 1337 lege
649 1282 758 1333 dico,
780 1297 832 1324 ne
852 1282 1029 1324 nimium
1050 1282 1126 1338 pii,

479 1351 708 1411 Rebusque
728 1351 916 1402 fidentes,
939 1351 1063 1393 avitae

536 1420 672 1461 Tecta
693 1419 824 1462 velint
843 1434 1033 1475 reparare
1055 1419 1214 1474 'rrojae.

421 1487 565 1542 Trojae
584 1502 802 1547 renascens
817 1487 915 1530 alite
930 1486 1099 1543 lugubri

422 1555 610 1598 Fortuna
632 1555 739 1598 tristi
761 1556 878 1597 clade
897 1555 1128 1608 iterabitur,

479 1624 673 1666 Ducente
690 1624 877 1667 victrices
898 1632 1084 1666 catervas

537 1692 728 1749 Conjuge
748 1707 813 1735 me
834 1695 864 1734 J
868 1693 956 1734 ovis
977 1701 1019 1735 et
1041 1707 1189 1734 sorore.

423 1762 512 1803 Ter
531 1761 567 1803 si
586 1771 774 1817 resurgat
795 1776 937 1804 murus
957 1761 1140 1804 aheneus

420 1829 601 1873 Auctore
623 1830 800 1882 Phoebo,
823 1837 1045 1886 ter-pereat
1065 1829 1167 1870 meis

480 1899 660 1942 Excisus
680 1899 863 1955 Argivis,
886 1907 948 1940 ter
959 1912 1062 1940 uxor

537 1967 673 2024 Capta
693 1968 826 2009 virum
847 1980 1078 2023 puerosque
1097 1964 1244 2020 ploret.

422 2037 519 2078 Non
540 2035 630 2078 haec
644 2036 799 2092 jocosae
820 2035 1074 2078 conveniunt
1088 2033 1211 2088 lyrae:

420 2106 533 2155 Quo,
546 2096 687 2154 Musa,
710 2104 844 2146 tendis
862 2107 879 2144 ?
910 2103 1052 2145 desine
1067 2100 1260 2157 pervicax

479 2172 652 2214 Referre
673 2187 878 2214 sermones
900 2173 1102 2219 Deorum,
1121 2178 1162 2210 et

536 2241 696 2295 Magna
716 2240 848 2281 modis
871 2249 1039 2281 tenuare
1060 2237 1214 2293 parvis.

766 2478 894 2522 ODE
927 2478 1004 2520 IV.
1068 2474 1138 2526 (Μ.
1172 2476 1289 2528 xix.)

840 2608 902 2635 AD
937 2604 1211 2634 CALLIOPEN.

423 2703 683 2744 Dssscssmm
706 2697 826 2747 coelo,
848 2706 889 2739 ct
910 2695 977 2738 dic
997 2709 1074 2750 age
1097 2692 1198 2735 tibia

425 2769 588 2825 Regina
601 2768 772 2822 longum
794 2764 981 2819 Calliope
999 2762 1140 2813 melos,

1641 1076 1667 1115 01

1670 1075 1696 1114 Ut

1641 1415 1699 1457 60
