1962 3268
678 581 731 629 Q.
763 581 1027 625 HORATII
1058 583 1279 630 FLAcc1
1328 594 1343 607 ··

583 683 639 748 C
672 685 738 748 A
772 686 839 750 R
873 688 954 751 M
995 688 1032 751 I
1074 689 1141 752 N
1184 691 1252 755 U
1291 693 1371 755 M

720 822 888 871 LIBER
923 824 1232 866 SECUNDUS.

738 1030 867 1073 ODE
899 1032 937 1073 1.
1000 1033 1067 1084 (M.
1099 1033 1211 1084 xm.)

637 1144 700 1171 AD
733 1144 772 1171 C.
796 1144 997 1173 ASINIUM
1031 1145 1312 1175 POLLIONEM.

364 1230 546 1272 Morum
567 1244 619 1272 ex
640 1230 819 1273 Metello
839 1231 1008 1274 consule
1029 1232 1223 1286 civicum,

363 1296 557 1353 Bellique
576 1311 735 1349 causas,
757 1306 800 1341 et
819 1298 925 1341 vitia
946 1308 988 1341 et
1008 1300 1169 1351 modos,

419 1365 673 1422 Ludumque
694 1366 910 1418 Fortunae,
932 1381 1160 1424 gravesque

476 1433 721 1489 Principum
743 1434 960 1487 amicitias,
983 1444 1024 1477 et
1044 1449 1158 1478 arma

361 1499 560 1541 Nondum
582 1500 757 1556 expiatis
778 1509 904 1543 uncta
924 1502 1151 1552 cruoribus,

362 1566 614 1609 Periculosae
632 1567 802 1622 plenum
823 1582 926 1623 opus
948 1569 1065 1620 aleae,

418 1635 622 1687 Tractas;
652 1643 694 1676 et
714 1635 872 1677 incedis
890 1650 965 1691 per
984 1636 1104 1692 ignes

477 1701 722 1756 Suppositos
742 1702 870 1744 cineri
891 1703 1047 1746 doloso.

360 1769 542 1811 Paulum
562 1784 715 1812 severae
736 1771 866 1814 Musa
887 1772 1131 1828 Tragoediae

360 1837 484 1879 Desit
504 1836 704 1880 theatris:
736 1851 847 1890 mort,
869 1839 942 1881 ubi
968 1841 1156 1895 publicas

415 1905 504 1947 Res
522 1903 739 1956 ordinaris,
760 1907 919 1961 grande
941 1921 1092 1950 munus

473 1972 676 2028 Cecropio
695 1981 856 2028 repetes
876 1974 1095 2028 cothurno,

357 2039 531 2095 Insigne
549 2039 709 2082 moestis
728 2041 970 2096 praesidium
990 2043 1085 2096 reis,
1131 2061 1137 2067 ·

356 2107 418 2149 Et
437 2107 683 2159 consulenti,
705 2109 858 2160 Pollio,
884 2110 1025 2160 curiae,

415 2174 499 2216 Cui
519 2175 660 2218 laurus
687 2184 862 2218 aeternos
881 2177 1058 2220 honores

472 2242 711 2285 Dalmatico
730 2244 892 2299 peperit
916 2244 1142 2301 triumpho.

356 2310 387 2351 J
389 2302 455 2351 ani
475 2323 588 2351 nunc
606 2309 759 2352 minaci
778 2315 987 2353 murmure
1007 2326 1207 2355 cornuum

358 2376 607 2432 Per-stringis
627 2392 760 2429 aureS‚
775 2377 865 2432 jam
886 2378 981 2420 litui
1004 2387 1194 2435 strepunt
1211 2397 1222 2428 ;

411 2445 443 2486 J
445 2458 511 2487 am
531 2444 668 2500 fulgor
688 2459 892 2487 armorum
912 2446 1082 2501 fugaces

467 2513 619 2555 Terret
637 2526 763 2569 equos
781 2513 1050 2570 equitumque
1064 2515 1220 2558 vultus.

352 2579 505 2622 Videre
524 2594 695 2636 magnos
709 2580 798 2636 jam
820 2581 964 2624 videor
982 2582 1108 2625 duces

352 2648 451 2689 Non
470 2647 664 2690 indecoro
683 2648 855 2704 pulvere
875 2650 1078 2703 sordidos,

410 2715 472 2756 Et
492 2722 641 2757 cuncta
659 2723 859 2758 terrarum
881 2717 1065 2770 subacta,

466 2779 627 2824 Praeter
646 2790 822 2825 atrocem
844 2784 1027 2827 animum
1051 2786 1238 2829 Catonis.

1383 2869 1396 2894 1
1426 2856 1454 2895 2

1582 1846 1639 1886 10

1580 2184 1635 2225 15

1571 2519 1629 2558 20
