1962 3268
396 297 480 338 128
828 313 866 342 α.
900 311 1094 341 ΗοιΑΤιι
1127 313 1290 344 FLACCI

786 467 920 514 ORE,
947 468 1048 518 XV,
1111 467 1181 518 (M.
1213 472 1327 523 xix.)

452 566 481 605 J
487 580 553 606 AM.
575 580 705 620 pauca
726 578 858 608 aratro
871 567 1023 625 jugera,
1039 569 1163 625 regiae

454 632 591 674 Moles
611 633 859 688 relinquent3
890 635 1070 690 undique
1090 635 1213 677 latius

508 700 692 741 Extenta
711 700 895 746 visentur
916 701 1101 745 Lucrino

567 765 723 821 Stagna
742 765 848 818 lacu,
869 768 1139 824 platanusque
1169 770 1323 812 ooelebs

450 831 629 873 Evince't
649 832 781 874 ulmos
799 849 807 874 :
842 841 927 874 tum
950 834 1135 886 violaria,
1156 844 1198 877 et
1684 839 1710 877 5

450 900 634 952 Myrtus,
657 907 698 940 et
718 899 849 940 omnis
870 900 988 954 cop-ia
1006 901 1185 951 narium,

513 965 716 1019 Spargent
733 965 898 1007 olivetis
917 967 1098 1018 odom,

563 1031 786 1073 Fertilibus
807 1033 972 1074 domino
992 1033 1118 1088 priori
1135 1051 1144 1075 :

451 1099 564 1138 Tum
586 1098 715 1152 spissa
735 1099 861 1140 ramis
878 1100 1017 1142 launna
1036 1101 1215 1146 fervidos

450 1164 659 1206 Excludet
677 1164 796 1206 ictus.
857 1167 954 1207 Non
974 1167 1032 1209 ita
1053 1168 1225 1213 Romuli
1659 1172 1714 1213 lo

506 1230 799 1286 Praescriptum
822 1241 863 1274 et
884 1233 1035 1275 intonsi
1057 1235 1228 1277 Catonis

562 1297 791 1351 Auspiciis,
812 1307 1078 1356 veterumque
1097 1315 1252 1343 norma.

449 1363 643 1406 Privatus
663 1364 746 1406 illis
766 1380 910 1407 census
931 1376 1018 1409 erat
1047 1368 1198 1418 breviS,

448 1432 678 1473 Commune
699 1446 891 1486 magnum
911 1449 920 1474 ε
953 1434 1068 1476 nulla
1088 1434 1346 1489 decempedis

503 1497 666 1539 Metata
685 1498 857 1552 privatis
877 1513 1045 1554 opacam
1215 1526 1218 1529 -
1660 1502 1713 1543 15

562 1564 753 1605 Porticus
773 1564 1002 1620 excipiebat
1022 1567 1184 1608 Arcton
1202 1583 1212 1614 3

448 1633 487 1673 N
493 1646 537 1673 ec
557 1631 770 1673 fortuitum
794 1647 983 1687 spernere
1003 1633 1198 1688 cespitem

450 1699 585 1753 Leges
607 1699 810 1751 sinebant,
831 1699 985 1755 oppida
1003 1700 1169 1755 publico

508 1767 656 1807 Sumtu
669 1766 864 1821 jubentes
883 1775 925 1808 et
945 1767 1129 1815 Deorum

563 1832 742 1887 Templa
762 1847 869 1875 novo
888 1833 1079 1878 decorare
1097 1848 1209 1876 saxo.
1658 1835 1715 1875 20

764 2066 891 2109 ODE
924 2065 1053 2107 XVI.
1097 2062 1340 2118 (M.xv111.)

735 2173 797 2200 AI)
834 2172 1075 2207 Pomrssluu
1114 2170 1370 2203 Gnosmuu.

452 2248 609 2289 O'rnJM
632 2246 765 2288 Divos
784 2255 903 2302 rogat
929 2246 972 2288 in
993 2254 1160 2302 patente

452 2315 633 2355 Prensus
654 2314 819 2368 AEgaeo,
840 2313 962 2355 simul
982 2322 1071 2356 atra
1089 2315 1220 2356 nubes

452 2379 654 2421 Condidit
673 2380 854 2430 Lunam,
871 2393 1007 2437 neque
1024 2389 1134 2423 certa
1151 2380 1313 2435 fulgent

626 2445 771 2488 Sidera
789 2447 950 2488 nautis:

390 2560 393 2566 Ι
452 2513 596 2555 Otium
616 2513 724 2554 bello
750 2513 904 2555 furiosa
927 2513 1106 2564 Thrace,

452 2572 596 2622 Otium
618 2579 735 2621 Medi
756 2579 946 2634 pharetra
966 2580 1115 2630 decori,

455 2645 661 2701 Grosphe,
681 2660 764 2686 non
783 2645 956 2700 gemmis
982 2661 1113 2702 neque
1133 2660 1313 2702 purpura
1334 2661 1402 2689 ve-

625 2711 732 2761 nale,
753 2726 827 2753 nec
846 2726 955 2753 auro.

1687 2518 1713 2557 ΕΠ
