<?xml version="1.0" encoding="UTF-8"?>
<!DOCTYPE html PUBLIC "-//W3C//DTD XHTML 1.0 Transitional//EN"
    "http://www.w3.org/TR/xhtml1/DTD/xhtml1-transitional.dtd">
<html xmlns="http://www.w3.org/1999/xhtml" xml:lang="en" lang="en">
 <head>
  <title>
</title>
<meta http-equiv="Content-Type" content="text/html;charset=utf-8" />
  <meta name='ocr-system' content='tesseract 3.04.00' />
  <meta name='ocr-capabilities' content='ocr_page ocr_carea ocr_par ocr_line ocrx_word'/>
</head>
<body>
  <div class='ocr_page' id='page_1' title='image "./horatiusrestitut00horauoft_0239.png"; bbox 0 0 1962 3268; ppageno 0'>
   <div class='ocr_carea' id='block_1_1' title="bbox 3 0 184 672">
    <p class='ocr_par' dir='ltr' id='par_1_1' title="bbox 3 0 184 672">
     <span class='ocr_line' id='line_1_1' title="bbox 3 0 184 672; baseline 0 2596"><span class='ocrx_word' id='word_1_1' title='bbox 3 0 184 672; x_wconf 95' lang='lat' dir='ltr'><strong> </strong></span> 
     </span>
    </p>
   </div>
   <div class='ocr_carea' id='block_1_2' title="bbox 11 91 63 838">
    <p class='ocr_par' dir='ltr' id='par_1_2' title="bbox 11 91 63 899">
     <span class='ocr_line' id='line_1_2' title="bbox 11 91 63 838; textangle 90"><span class='ocrx_word' id='word_1_2' title='bbox 11 654 63 838; x_wconf 41' lang='lat' dir='ltr'><strong>vaf}</strong></span> <span class='ocrx_word' id='word_1_3' title='bbox 45 611 52 615; x_wconf 90' lang='lat'>.</span> <span class='ocrx_word' id='word_1_4' title='bbox 51 560 58 575; x_wconf 72' lang='grc'><strong>,,</strong></span> <span class='ocrx_word' id='word_1_5' title='bbox 13 498 60 523; x_wconf 66' lang='grc' dir='ltr'><strong>,ὲ</strong></span> <span class='ocrx_word' id='word_1_6' title='bbox 35 203 58 475; x_wconf 79' lang='grc'><strong>..</strong></span> <span class='ocrx_word' id='word_1_7' title='bbox 59 153 62 157; x_wconf 77' lang='grc'>,</span> <span class='ocrx_word' id='word_1_8' title='bbox 25 91 27 94; x_wconf 95' lang='grc'><strong><em>·</em></strong></span> 
     </span>
    </p>
   </div>
   <div class='ocr_carea' id='block_1_3' title="bbox 711 273 1633 328">
    <p class='ocr_par' dir='ltr' id='par_1_3' title="bbox 711 273 1633 328">
     <span class='ocr_line' id='line_1_3' title="bbox 711 273 1633 328; baseline -0.003 -11"><span class='ocrx_word' id='word_1_9' title='bbox 711 289 967 318; x_wconf 58' lang='lat' dir='ltr'><strong>sannorum</strong></span> <span class='ocrx_word' id='word_1_10' title='bbox 1001 289 1089 317; x_wconf 77' lang='lat' dir='ltr'><strong>un.</strong></span> <span class='ocrx_word' id='word_1_11' title='bbox 1124 289 1154 316; x_wconf 86' lang='lat'><strong>1.</strong></span> <span class='ocrx_word' id='word_1_12' title='bbox 1186 275 1226 316; x_wconf 79' lang='lat'><strong>2.</strong></span> <span class='ocrx_word' id='word_1_13' title='bbox 1604 273 1633 328; x_wconf 86' lang='grc'><strong>7</strong></span> 
     </span>
    </p>
   </div>
   <div class='ocr_carea' id='block_1_4' title="bbox 301 388 1638 2823">
    <p class='ocr_par' dir='ltr' id='par_1_4' title="bbox 303 388 1634 580">
     <span class='ocr_line' id='line_1_4' title="bbox 303 388 1634 446; baseline -0.002 -13"><span class='ocrx_word' id='word_1_14' title='bbox 303 388 396 433; x_wconf 83' lang='lat' dir='ltr'><strong>Nec</strong></span> <span class='ocrx_word' id='word_1_15' title='bbox 415 390 547 446; x_wconf 82' lang='lat' dir='ltr'><strong>magis</strong></span> <span class='ocrx_word' id='word_1_16' title='bbox 564 389 663 432; x_wconf 90' lang='lat' dir='ltr'><strong>huic</strong></span> <span class='ocrx_word' id='word_1_17' title='bbox 682 389 791 431; x_wconf 84' lang='lat' dir='ltr'><strong>inter</strong></span> <span class='ocrx_word' id='word_1_18' title='bbox 809 388 952 431; x_wconf 86' lang='lat' dir='ltr'><strong>niveos</strong></span> <span class='ocrx_word' id='word_1_19' title='bbox 971 388 1205 444; x_wconf 84' lang='lat' dir='ltr'><strong>viridesque</strong></span> <span class='ocrx_word' id='word_1_20' title='bbox 1220 388 1388 444; x_wconf 48' lang='lat' dir='ltr'><strong>*lapillos</strong></span> <span class='ocrx_word' id='word_1_21' title='bbox 1575 389 1634 430; x_wconf 90' lang='grc'><strong>80</strong></span> 
     </span>
     <span class='ocr_line' id='line_1_5' title="bbox 305 455 1615 508; baseline -0.001 -9"><span class='ocrx_word' id='word_1_22' title='bbox 305 456 371 499; x_wconf 88' lang='lat' dir='ltr'><strong>Sit</strong></span> <span class='ocrx_word' id='word_1_23' title='bbox 389 456 500 507; x_wconf 84' lang='lat' dir='ltr'><strong>licet,</strong></span> <span class='ocrx_word' id='word_1_24' title='bbox 521 456 615 508; x_wconf 90' lang='lat' dir='ltr'><strong>hoc,</strong></span> <span class='ocrx_word' id='word_1_25' title='bbox 638 456 854 508; x_wconf 85' lang='lat' dir='ltr'><strong>Cerinthe‚</strong></span> <span class='ocrx_word' id='word_1_26' title='bbox 875 464 948 498; x_wconf 84' lang='lat' dir='ltr'><strong>tuo</strong></span> <span class='ocrx_word' id='word_1_27' title='bbox 968 462 1154 497; x_wconf 83' lang='lat' dir='ltr'><strong>tenerum</strong></span> <span class='ocrx_word' id='word_1_28' title='bbox 1176 464 1238 497; x_wconf 89' lang='lat' dir='ltr'><strong>est</strong></span> <span class='ocrx_word' id='word_1_29' title='bbox 1257 455 1407 507; x_wconf 86' lang='lat' dir='ltr'><strong>femur,</strong></span> <span class='ocrx_word' id='word_1_30' title='bbox 1428 464 1501 498; x_wconf 81' lang='lat' dir='ltr'><strong>aut</strong></span> <span class='ocrx_word' id='word_1_31' title='bbox 1520 470 1615 498; x_wconf 83' lang='lat' dir='ltr'><strong>crus</strong></span> 
     </span>
     <span class='ocr_line' id='line_1_6' title="bbox 305 523 1362 580; baseline -0.002 -14"><span class='ocrx_word' id='word_1_32' title='bbox 305 523 503 573; x_wconf 79' lang='lat' dir='ltr'><strong>Rectius3</strong></span> <span class='ocrx_word' id='word_1_33' title='bbox 536 532 659 580; x_wconf 81' lang='lat' dir='ltr'><strong>atque</strong></span> <span class='ocrx_word' id='word_1_34' title='bbox 679 523 803 566; x_wconf 88' lang='lat' dir='ltr'><strong>etiam</strong></span> <span class='ocrx_word' id='word_1_35' title='bbox 824 523 972 565; x_wconf 90' lang='lat' dir='ltr'><strong>melius</strong></span> <span class='ocrx_word' id='word_1_36' title='bbox 992 537 1176 578; x_wconf 87' lang='lat' dir='ltr'><strong>persaepe</strong></span> <span class='ocrx_word' id='word_1_37' title='bbox 1196 531 1362 578; x_wconf 83' lang='lat' dir='ltr'><strong>togatae.</strong></span> 
     </span>
    </p>

    <p class='ocr_par' dir='ltr' id='par_1_5' title="bbox 303 590 1466 648">
     <span class='ocr_line' id='line_1_7' title="bbox 303 590 1466 648; baseline -0.002 -15"><span class='ocrx_word' id='word_1_38' title='bbox 303 592 432 635; x_wconf 86' lang='lat' dir='ltr'><strong>Adde</strong></span> <span class='ocrx_word' id='word_1_39' title='bbox 451 592 548 644; x_wconf 89' lang='lat' dir='ltr'><strong>huc,</strong></span> <span class='ocrx_word' id='word_1_40' title='bbox 569 592 680 648; x_wconf 93' lang='lat' dir='ltr'><strong>quod</strong></span> <span class='ocrx_word' id='word_1_41' title='bbox 700 606 876 634; x_wconf 87' lang='lat' dir='ltr'><strong>mercem</strong></span> <span class='ocrx_word' id='word_1_42' title='bbox 898 590 986 632; x_wconf 91' lang='lat' dir='ltr'><strong>sine</strong></span> <span class='ocrx_word' id='word_1_43' title='bbox 1005 590 1111 631; x_wconf 82' lang='lat' dir='ltr'><strong>sucis</strong></span> <span class='ocrx_word' id='word_1_44' title='bbox 1130 598 1292 646; x_wconf 81' lang='lat' dir='ltr'><strong>gestat3</strong></span> <span class='ocrx_word' id='word_1_45' title='bbox 1326 598 1466 646; x_wconf 86' lang='lat' dir='ltr'><strong>aperte</strong></span> 
     </span>
    </p>

    <p class='ocr_par' dir='ltr' id='par_1_6' title="bbox 303 652 1565 714">
     <span class='ocr_line' id='line_1_8' title="bbox 303 652 1565 714; baseline -0.002 -12"><span class='ocrx_word' id='word_1_46' title='bbox 303 660 428 711; x_wconf 78' lang='lat' dir='ltr'><strong>Quod</strong></span> <span class='ocrx_word' id='word_1_47' title='bbox 446 660 591 702; x_wconf 85' lang='lat' dir='ltr'><strong>venale</strong></span> <span class='ocrx_word' id='word_1_48' title='bbox 609 659 750 710; x_wconf 88' lang='lat' dir='ltr'><strong>habet,</strong></span> <span class='ocrx_word' id='word_1_49' title='bbox 771 659 979 707; x_wconf 88' lang='lat' dir='ltr'><strong>ostendit;</strong></span> <span class='ocrx_word' id='word_1_50' title='bbox 1013 673 1104 709; x_wconf 87' lang='lat' dir='ltr'><strong>nec,</strong></span> <span class='ocrx_word' id='word_1_51' title='bbox 1125 652 1161 699; x_wconf 75' lang='lat' dir='ltr'><strong>&#39;si</strong></span> <span class='ocrx_word' id='word_1_52' title='bbox 1181 658 1282 714; x_wconf 89' lang='lat' dir='ltr'><strong>quid</strong></span> <span class='ocrx_word' id='word_1_53' title='bbox 1301 657 1467 700; x_wconf 89' lang='lat' dir='ltr'><strong>honesti</strong></span> <span class='ocrx_word' id='word_1_54' title='bbox 1486 666 1565 709; x_wconf 86' lang='lat' dir='ltr'><strong>est,</strong></span> 
     </span>
    </p>

    <p class='ocr_par' dir='ltr' id='par_1_7' title="bbox 301 726 1634 920">
     <span class='ocr_line' id='line_1_9' title="bbox 301 726 1634 784; baseline -0.002 -15"><span class='ocrx_word' id='word_1_55' title='bbox 301 728 334 769; x_wconf 86' lang='lat' dir='ltr'>J</span> <span class='ocrx_word' id='word_1_56' title='bbox 335 736 446 771; x_wconf 82' lang='lat' dir='ltr'><strong>aetat</strong></span> <span class='ocrx_word' id='word_1_57' title='bbox 464 727 671 784; x_wconf 79' lang='lat' dir='ltr'><strong>habetque</strong></span> <span class='ocrx_word' id='word_1_58' title='bbox 690 728 842 784; x_wconf 89' lang='lat' dir='ltr'><strong>palam,</strong></span> <span class='ocrx_word' id='word_1_59' title='bbox 862 726 1013 784; x_wconf 86' lang='lat' dir='ltr'><strong>quaerit</strong></span> <span class='ocrx_word' id='word_1_60' title='bbox 1031 741 1114 783; x_wconf 93' lang='lat' dir='ltr'><strong>quo</strong></span> <span class='ocrx_word' id='word_1_61' title='bbox 1134 726 1272 782; x_wconf 88' lang='lat' dir='ltr'><strong>turpia</strong></span> <span class='ocrx_word' id='word_1_62' title='bbox 1292 726 1410 768; x_wconf 87' lang='lat' dir='ltr'><strong>celet.</strong></span> <span class='ocrx_word' id='word_1_63' title='bbox 1576 727 1634 768; x_wconf 84' lang='lat'><strong>85</strong></span> 
     </span>
     <span class='ocr_line' id='line_1_10' title="bbox 301 784 1481 852; baseline -0.002 -15"><span class='ocrx_word' id='word_1_64' title='bbox 301 794 492 852; x_wconf 83' lang='lat' dir='ltr'>Regibus</span> <span class='ocrx_word' id='word_1_65' title='bbox 511 784 582 838; x_wconf 72' lang='lat' dir='ltr'><strong>&#39;hic</strong></span> <span class='ocrx_word' id='word_1_66' title='bbox 601 810 689 838; x_wconf 89' lang='lat' dir='ltr'><strong>mos</strong></span> <span class='ocrx_word' id='word_1_67' title='bbox 710 805 787 847; x_wconf 89' lang='lat' dir='ltr'><strong>est,</strong></span> <span class='ocrx_word' id='word_1_68' title='bbox 807 796 880 838; x_wconf 91' lang='lat' dir='ltr'><strong>ubi</strong></span> <span class='ocrx_word' id='word_1_69' title='bbox 901 809 1027 852; x_wconf 92' lang='lat' dir='ltr'><strong>equos</strong></span> <span class='ocrx_word' id='word_1_70' title='bbox 1046 803 1296 844; x_wconf 84' lang='lat' dir='ltr'><strong>mercantur,</strong></span> <span class='ocrx_word' id='word_1_71' title='bbox 1317 802 1481 850; x_wconf 87' lang='lat' dir='ltr'><strong>opertos</strong></span> 
     </span>
     <span class='ocr_line' id='line_1_11' title="bbox 303 861 1263 920; baseline 0 -16"><span class='ocrx_word' id='word_1_72' title='bbox 303 861 564 920; x_wconf 72' lang='lat' dir='ltr'><strong>Inspiciunt3</strong></span> <span class='ocrx_word' id='word_1_73' title='bbox 597 879 651 906; x_wconf 88' lang='lat' dir='ltr'><strong>ne</strong></span> <span class='ocrx_word' id='word_1_74' title='bbox 671 865 706 906; x_wconf 91' lang='lat' dir='ltr'><strong>si</strong></span> <span class='ocrx_word' id='word_1_75' title='bbox 725 864 851 907; x_wconf 86' lang='lat' dir='ltr'><strong>facies</strong></span> <span class='ocrx_word' id='word_1_76' title='bbox 874 862 942 915; x_wconf 88' lang='lat' dir='ltr'><strong>(ut</strong></span> <span class='ocrx_word' id='word_1_77' title='bbox 961 865 1092 919; x_wconf 90' lang='lat' dir='ltr'><strong>saepe)</strong></span> <span class='ocrx_word' id='word_1_78' title='bbox 1115 863 1263 905; x_wconf 90' lang='lat' dir='ltr'><strong>decora</strong></span> 
     </span>
    </p>

    <p class='ocr_par' dir='ltr' id='par_1_8' title="bbox 302 930 1419 988">
     <span class='ocr_line' id='line_1_12' title="bbox 302 930 1419 988; baseline 0 -16"><span class='ocrx_word' id='word_1_79' title='bbox 302 931 431 973; x_wconf 90' lang='lat' dir='ltr'><strong>Molli</strong></span> <span class='ocrx_word' id='word_1_80' title='bbox 449 931 557 974; x_wconf 88' lang='lat' dir='ltr'><strong>fulta</strong></span> <span class='ocrx_word' id='word_1_81' title='bbox 576 932 682 988; x_wconf 91' lang='lat' dir='ltr'><strong>pede</strong></span> <span class='ocrx_word' id='word_1_82' title='bbox 701 941 778 984; x_wconf 88' lang='lat' dir='ltr'><strong>est,</strong></span> <span class='ocrx_word' id='word_1_83' title='bbox 799 941 996 975; x_wconf 85' lang='lat' dir='ltr'><strong>emtorem</strong></span> <span class='ocrx_word' id='word_1_84' title='bbox 1015 931 1188 973; x_wconf 89' lang='lat' dir='ltr'><strong>inducat</strong></span> <span class='ocrx_word' id='word_1_85' title='bbox 1207 930 1419 979; x_wconf 86' lang='lat' dir='ltr'><strong>hiantem;</strong></span> 
     </span>
    </p>

    <p class='ocr_par' dir='ltr' id='par_1_9' title="bbox 302 998 1635 1192">
     <span class='ocr_line' id='line_1_13' title="bbox 302 998 1565 1056; baseline 0 -16"><span class='ocrx_word' id='word_1_86' title='bbox 302 998 426 1049; x_wconf 86' lang='lat' dir='ltr'><strong>Quod</strong></span> <span class='ocrx_word' id='word_1_87' title='bbox 444 1000 630 1055; x_wconf 90' lang='lat' dir='ltr'><strong>pulchrae</strong></span> <span class='ocrx_word' id='word_1_88' title='bbox 649 1001 807 1052; x_wconf 90' lang='lat' dir='ltr'><strong>clunes,</strong></span> <span class='ocrx_word' id='word_1_89' title='bbox 828 1001 952 1043; x_wconf 89' lang='lat' dir='ltr'><strong>breve</strong></span> <span class='ocrx_word' id='word_1_90' title='bbox 972 1000 1084 1056; x_wconf 93' lang='lat' dir='ltr'><strong>quod</strong></span> <span class='ocrx_word' id='word_1_91' title='bbox 1104 1007 1243 1055; x_wconf 89' lang='lat' dir='ltr'><strong>caput,</strong></span> <span class='ocrx_word' id='word_1_92' title='bbox 1264 999 1394 1041; x_wconf 86' lang='lat' dir='ltr'><strong>ardua</strong></span> <span class='ocrx_word' id='word_1_93' title='bbox 1413 999 1565 1041; x_wconf 88' lang='lat' dir='ltr'><strong>cervix.</strong></span> 
     </span>
     <span class='ocr_line' id='line_1_14' title="bbox 303 1066 1635 1124; baseline 0 -16"><span class='ocrx_word' id='word_1_94' title='bbox 303 1066 402 1109; x_wconf 91' lang='lat' dir='ltr'><strong>Hoc</strong></span> <span class='ocrx_word' id='word_1_95' title='bbox 422 1067 484 1109; x_wconf 89' lang='lat' dir='ltr'><strong>illi</strong></span> <span class='ocrx_word' id='word_1_96' title='bbox 504 1072 645 1110; x_wconf 83' lang='lat' dir='ltr'><strong>recte?</strong></span> <span class='ocrx_word' id='word_1_97' title='bbox 676 1083 728 1111; x_wconf 89' lang='lat' dir='ltr'><strong>ne</strong></span> <span class='ocrx_word' id='word_1_98' title='bbox 750 1068 929 1124; x_wconf 88' lang='lat' dir='ltr'><strong>corporis</strong></span> <span class='ocrx_word' id='word_1_99' title='bbox 949 1068 1106 1124; x_wconf 86' lang='lat' dir='ltr'><strong>optima</strong></span> <span class='ocrx_word' id='word_1_100' title='bbox 1128 1066 1313 1123; x_wconf 88' lang='lat' dir='ltr'><strong>Lynceis</strong></span> <span class='ocrx_word' id='word_1_101' title='bbox 1578 1068 1635 1113; x_wconf 88' lang='lat'><strong>90</strong></span> 
     </span>
     <span class='ocr_line' id='line_1_15' title="bbox 304 1134 1229 1192; baseline 0.003 -17"><span class='ocrx_word' id='word_1_102' title='bbox 304 1134 596 1191; x_wconf 78' lang='lat' dir='ltr'><strong>contemplere</strong></span> <span class='ocrx_word' id='word_1_103' title='bbox 614 1136 760 1188; x_wconf 86' lang='lat' dir='ltr'><strong>oculis,</strong></span> <span class='ocrx_word' id='word_1_104' title='bbox 783 1137 973 1192; x_wconf 87' lang='lat' dir='ltr'><strong>Hypsaea</strong></span> <span class='ocrx_word' id='word_1_105' title='bbox 993 1136 1139 1178; x_wconf 87' lang='lat' dir='ltr'><strong>caecior</strong></span> <span class='ocrx_word' id='word_1_106' title='bbox 1158 1136 1229 1178; x_wconf 85' lang='lat' dir='ltr'><strong>illa</strong></span> 
     </span>
    </p>

    <p class='ocr_par' dir='ltr' id='par_1_10' title="bbox 301 1202 1633 1395">
     <span class='ocr_line' id='line_1_16' title="bbox 304 1202 1633 1259; baseline 0 -16"><span class='ocrx_word' id='word_1_107' title='bbox 304 1202 411 1252; x_wconf 82' lang='lat' dir='ltr'><strong>Quae</strong></span> <span class='ocrx_word' id='word_1_108' title='bbox 430 1202 538 1246; x_wconf 83' lang='lat' dir='ltr'><strong>mala</strong></span> <span class='ocrx_word' id='word_1_109' title='bbox 557 1211 654 1245; x_wconf 88' lang='lat' dir='ltr'><strong>sunt</strong></span> <span class='ocrx_word' id='word_1_110' title='bbox 675 1211 846 1259; x_wconf 86' lang='lat' dir='ltr'><strong>spectes.</strong></span> <span class='ocrx_word' id='word_1_111' title='bbox 890 1204 927 1251; x_wconf 65' lang='grc' dir='ltr'><strong>ἽῙ</strong></span> <span class='ocrx_word' id='word_1_112' title='bbox 944 1205 982 1245; x_wconf 93' lang='grc' dir='ltr'>Ο</span> <span class='ocrx_word' id='word_1_113' title='bbox 1000 1206 1118 1246; x_wconf 87' lang='lat' dir='ltr'><strong>crus!</strong></span> <span class='ocrx_word' id='word_1_114' title='bbox 1153 1205 1191 1246; x_wconf 94' lang='lat' dir='ltr'>O</span> <span class='ocrx_word' id='word_1_115' title='bbox 1208 1203 1401 1246; x_wconf 85' lang='lat' dir='ltr'><strong>brachia!</strong></span> <span class='ocrx_word' id='word_1_116' title='bbox 1438 1203 1475 1251; x_wconf 66' lang='grc' dir='ltr'><strong>ἾῙ</strong></span> <span class='ocrx_word' id='word_1_117' title='bbox 1492 1216 1633 1244; x_wconf 88' lang='lat' dir='ltr'><strong>verum</strong></span> 
     </span>
     <span class='ocr_line' id='line_1_17' title="bbox 301 1267 1412 1327; baseline 0 -15"><span class='ocrx_word' id='word_1_118' title='bbox 301 1267 513 1326; x_wconf 70' lang='lat' dir='ltr'><strong>Depygis,</strong></span> <span class='ocrx_word' id='word_1_119' title='bbox 529 1279 691 1322; x_wconf 82' lang='lat' dir='ltr'><strong>nasuta,</strong></span> <span class='ocrx_word' id='word_1_120' title='bbox 713 1271 830 1313; x_wconf 90' lang='lat' dir='ltr'><strong>brevi</strong></span> <span class='ocrx_word' id='word_1_121' title='bbox 849 1272 978 1313; x_wconf 85' lang='lat' dir='ltr'><strong>latere</strong></span> <span class='ocrx_word' id='word_1_122' title='bbox 997 1286 1045 1313; x_wconf 89' lang='lat' dir='ltr'><strong>ac</strong></span> <span class='ocrx_word' id='word_1_123' title='bbox 1065 1272 1171 1327; x_wconf 86' lang='lat' dir='ltr'><strong>pede</strong></span> <span class='ocrx_word' id='word_1_124' title='bbox 1191 1271 1316 1327; x_wconf 88' lang='lat' dir='ltr'><strong>longo</strong></span> <span class='ocrx_word' id='word_1_125' title='bbox 1336 1280 1412 1313; x_wconf 89' lang='lat' dir='ltr'><strong>est.</strong></span> 
     </span>
     <span class='ocr_line' id='line_1_18' title="bbox 302 1337 1316 1395; baseline 0.001 -16"><span class='ocrx_word' id='word_1_126' title='bbox 302 1337 529 1390; x_wconf 75' lang='lat' dir='ltr'><strong>Matronae,</strong></span> <span class='ocrx_word' id='word_1_127' title='bbox 550 1347 701 1395; x_wconf 78' lang='lat' dir='ltr'><strong>praeter</strong></span> <span class='ocrx_word' id='word_1_128' title='bbox 719 1338 882 1390; x_wconf 87' lang='lat' dir='ltr'><strong>faciem,</strong></span> <span class='ocrx_word' id='word_1_129' title='bbox 903 1339 965 1380; x_wconf 87' lang='lat' dir='ltr'><strong>nil</strong></span> <span class='ocrx_word' id='word_1_130' title='bbox 985 1354 1150 1382; x_wconf 86' lang='lat' dir='ltr'><strong>cernere</strong></span> <span class='ocrx_word' id='word_1_131' title='bbox 1169 1340 1316 1395; x_wconf 87' lang='lat' dir='ltr'><strong>possis,</strong></span> 
     </span>
    </p>

    <p class='ocr_par' dir='ltr' id='par_1_11' title="bbox 304 1405 1636 1530">
     <span class='ocr_line' id='line_1_19' title="bbox 304 1405 1636 1462; baseline 0.001 -16"><span class='ocrx_word' id='word_1_132' title='bbox 304 1405 482 1458; x_wconf 84' lang='lat' dir='ltr'><strong>Caetera,</strong></span> <span class='ocrx_word' id='word_1_133' title='bbox 503 1406 547 1448; x_wconf 89' lang='lat' dir='ltr'><strong>ni</strong></span> <span class='ocrx_word' id='word_1_134' title='bbox 569 1407 692 1450; x_wconf 85' lang='lat' dir='ltr'><strong>Catia</strong></span> <span class='ocrx_word' id='word_1_135' title='bbox 711 1416 788 1458; x_wconf 81' lang='lat' dir='ltr'><strong>est,</strong></span> <span class='ocrx_word' id='word_1_136' title='bbox 809 1407 987 1450; x_wconf 85' lang='lat' dir='ltr'><strong>demissa</strong></span> <span class='ocrx_word' id='word_1_137' title='bbox 1007 1416 1122 1450; x_wconf 89' lang='lat' dir='ltr'><strong>veste</strong></span> <span class='ocrx_word' id='word_1_138' title='bbox 1142 1407 1338 1462; x_wconf 88' lang='lat' dir='ltr'><strong>tegentis.</strong></span> <span class='ocrx_word' id='word_1_139' title='bbox 1579 1407 1636 1451; x_wconf 85' lang='lat'><strong>95</strong></span> 
     </span>
     <span class='ocr_line' id='line_1_20' title="bbox 307 1472 1346 1530; baseline 0.003 -16"><span class='ocrx_word' id='word_1_140' title='bbox 307 1472 354 1514; x_wconf 92' lang='lat' dir='ltr'><strong>Si</strong></span> <span class='ocrx_word' id='word_1_141' title='bbox 373 1472 594 1517; x_wconf 89' lang='lat' dir='ltr'><strong>interdicta</strong></span> <span class='ocrx_word' id='word_1_142' title='bbox 614 1485 745 1530; x_wconf 85' lang='lat' dir='ltr'><strong>petes,</strong></span> <span class='ocrx_word' id='word_1_143' title='bbox 767 1476 877 1518; x_wconf 84' lang='lat' dir='ltr'><strong>vallo</strong></span> <span class='ocrx_word' id='word_1_144' title='bbox 898 1476 1166 1527; x_wconf 82' lang='lat' dir='ltr'><strong>circumdata,</strong></span> <span class='ocrx_word' id='word_1_145' title='bbox 1188 1490 1283 1518; x_wconf 86' lang='lat' dir='ltr'><strong>nam</strong></span> <span class='ocrx_word' id='word_1_146' title='bbox 1306 1484 1346 1517; x_wconf 88' lang='lat' dir='ltr'><strong>te</strong></span> 
     </span>
    </p>

    <p class='ocr_par' dir='ltr' id='par_1_12' title="bbox 305 1541 1434 1667">
     <span class='ocr_line' id='line_1_21' title="bbox 306 1541 1434 1594; baseline 0.002 -12"><span class='ocrx_word' id='word_1_147' title='bbox 306 1541 405 1583; x_wconf 92' lang='lat' dir='ltr'><strong>Hoc</strong></span> <span class='ocrx_word' id='word_1_148' title='bbox 424 1541 525 1584; x_wconf 83' lang='lat' dir='ltr'><strong>facit</strong></span> <span class='ocrx_word' id='word_1_149' title='bbox 542 1542 749 1594; x_wconf 88' lang='lat' dir='ltr'><strong>insanum,</strong></span> <span class='ocrx_word' id='word_1_150' title='bbox 771 1543 916 1584; x_wconf 86' lang='lat' dir='ltr'><strong>multae</strong></span> <span class='ocrx_word' id='word_1_151' title='bbox 938 1543 1014 1585; x_wconf 89' lang='lat' dir='ltr'><strong>tibi</strong></span> <span class='ocrx_word' id='word_1_152' title='bbox 1035 1552 1122 1585; x_wconf 84' lang='lat' dir='ltr'><strong>tum</strong></span> <span class='ocrx_word' id='word_1_153' title='bbox 1145 1543 1326 1586; x_wconf 87' lang='lat' dir='ltr'><strong>officient</strong></span> <span class='ocrx_word' id='word_1_154' title='bbox 1345 1559 1409 1586; x_wconf 87' lang='lat' dir='ltr'><strong>res</strong></span> <span class='ocrx_word' id='word_1_155' title='bbox 1426 1559 1434 1584; x_wconf 78' lang='grc' dir='ltr'>ε</span> 
     </span>
     <span class='ocr_line' id='line_1_22' title="bbox 305 1608 1182 1667; baseline 0.003 -17"><span class='ocrx_word' id='word_1_156' title='bbox 305 1608 526 1661; x_wconf 87' lang='lat' dir='ltr'><strong>Custodes,</strong></span> <span class='ocrx_word' id='word_1_157' title='bbox 546 1609 707 1661; x_wconf 84' lang='lat' dir='ltr'><strong>lectica,</strong></span> <span class='ocrx_word' id='word_1_158' title='bbox 729 1610 954 1660; x_wconf 88' lang='lat' dir='ltr'><strong>ciniflones,</strong></span> <span class='ocrx_word' id='word_1_159' title='bbox 975 1612 1182 1667; x_wconf 86' lang='lat' dir='ltr'><strong>parasitae‚</strong></span> 
     </span>
    </p>

    <p class='ocr_par' dir='ltr' id='par_1_13' title="bbox 303 1676 1333 1736">
     <span class='ocr_line' id='line_1_23' title="bbox 303 1676 1333 1736; baseline 0.004 -18"><span class='ocrx_word' id='word_1_160' title='bbox 303 1676 381 1718; x_wconf 87' lang='lat' dir='ltr'><strong>Ad</strong></span> <span class='ocrx_word' id='word_1_161' title='bbox 401 1677 506 1719; x_wconf 89' lang='lat' dir='ltr'><strong>talos</strong></span> <span class='ocrx_word' id='word_1_162' title='bbox 525 1678 630 1720; x_wconf 88' lang='lat' dir='ltr'><strong>stola</strong></span> <span class='ocrx_word' id='word_1_163' title='bbox 649 1678 841 1729; x_wconf 89' lang='lat' dir='ltr'><strong>demissa,</strong></span> <span class='ocrx_word' id='word_1_164' title='bbox 863 1688 904 1721; x_wconf 87' lang='lat' dir='ltr'><strong>et</strong></span> <span class='ocrx_word' id='word_1_165' title='bbox 923 1679 1175 1722; x_wconf 85' lang='lat' dir='ltr'><strong>circumdata</strong></span> <span class='ocrx_word' id='word_1_166' title='bbox 1195 1680 1306 1736; x_wconf 87' lang='lat' dir='ltr'><strong>palla</strong></span> <span class='ocrx_word' id='word_1_167' title='bbox 1322 1699 1333 1730; x_wconf 80' lang='lat'>3</span> 
     </span>
    </p>

    <p class='ocr_par' dir='ltr' id='par_1_14' title="bbox 306 1743 1638 1870">
     <span class='ocr_line' id='line_1_24' title="bbox 306 1743 1638 1802; baseline 0.004 -17"><span class='ocrx_word' id='word_1_168' title='bbox 306 1743 508 1796; x_wconf 87' lang='lat' dir='ltr'><strong>Plurima,</strong></span> <span class='ocrx_word' id='word_1_169' title='bbox 531 1760 624 1801; x_wconf 84' lang='lat' dir='ltr'><strong>quae</strong></span> <span class='ocrx_word' id='word_1_170' title='bbox 644 1746 858 1789; x_wconf 85' lang='lat' dir='ltr'><strong>invideant</strong></span> <span class='ocrx_word' id='word_1_171' title='bbox 878 1762 980 1802; x_wconf 92' lang='lat' dir='ltr'><strong>pure</strong></span> <span class='ocrx_word' id='word_1_172' title='bbox 1001 1762 1196 1802; x_wconf 86' lang='lat' dir='ltr'><strong>apparere</strong></span> <span class='ocrx_word' id='word_1_173' title='bbox 1217 1748 1292 1790; x_wconf 89' lang='lat' dir='ltr'><strong>tibi</strong></span> <span class='ocrx_word' id='word_1_174' title='bbox 1313 1763 1411 1790; x_wconf 88' lang='lat' dir='ltr'><strong>rem.</strong></span> <span class='ocrx_word' id='word_1_175' title='bbox 1554 1750 1638 1791; x_wconf 88' lang='lat'><strong>100</strong></span> 
     </span>
     <span class='ocr_line' id='line_1_25' title="bbox 306 1811 1333 1870; baseline 0.005 -18"><span class='ocrx_word' id='word_1_176' title='bbox 306 1811 470 1863; x_wconf 90' lang='lat' dir='ltr'><strong>Altera,</strong></span> <span class='ocrx_word' id='word_1_177' title='bbox 492 1813 554 1854; x_wconf 87' lang='lat' dir='ltr'><strong>nil</strong></span> <span class='ocrx_word' id='word_1_178' title='bbox 572 1814 731 1856; x_wconf 83' lang='lat' dir='ltr'><strong>obstat:</strong></span> <span class='ocrx_word' id='word_1_179' title='bbox 767 1815 866 1857; x_wconf 88' lang='lat' dir='ltr'><strong>Cois</strong></span> <span class='ocrx_word' id='word_1_180' title='bbox 887 1815 963 1856; x_wconf 86' lang='lat' dir='ltr'><strong>tibi</strong></span> <span class='ocrx_word' id='word_1_181' title='bbox 983 1829 1088 1870; x_wconf 87' lang='lat' dir='ltr'><strong>pene</strong></span> <span class='ocrx_word' id='word_1_182' title='bbox 1110 1815 1250 1857; x_wconf 88' lang='lat' dir='ltr'><strong>videre</strong></span> <span class='ocrx_word' id='word_1_183' title='bbox 1271 1825 1333 1857; x_wconf 88' lang='lat' dir='ltr'><strong>est</strong></span> 
     </span>
    </p>

    <p class='ocr_par' dir='ltr' id='par_1_15' title="bbox 306 1878 1372 1939">
     <span class='ocr_line' id='line_1_26' title="bbox 306 1878 1372 1939; baseline 0.005 -19"><span class='ocrx_word' id='word_1_184' title='bbox 306 1878 372 1920; x_wconf 88' lang='lat' dir='ltr'><strong>Ut</strong></span> <span class='ocrx_word' id='word_1_185' title='bbox 392 1879 574 1930; x_wconf 80' lang='lat' dir='ltr'><strong>nudam3</strong></span> <span class='ocrx_word' id='word_1_186' title='bbox 607 1896 660 1924; x_wconf 92' lang='lat' dir='ltr'><strong>ne</strong></span> <span class='ocrx_word' id='word_1_187' title='bbox 680 1897 797 1924; x_wconf 87' lang='lat' dir='ltr'><strong>crure</strong></span> <span class='ocrx_word' id='word_1_188' title='bbox 818 1883 940 1932; x_wconf 88' lang='lat' dir='ltr'><strong>malo,</strong></span> <span class='ocrx_word' id='word_1_189' title='bbox 963 1898 1014 1925; x_wconf 90' lang='lat' dir='ltr'><strong>ne</strong></span> <span class='ocrx_word' id='word_1_190' title='bbox 1036 1883 1089 1925; x_wconf 91' lang='lat' dir='ltr'><strong>sit</strong></span> <span class='ocrx_word' id='word_1_191' title='bbox 1110 1884 1216 1939; x_wconf 88' lang='lat' dir='ltr'><strong>pede</strong></span> <span class='ocrx_word' id='word_1_192' title='bbox 1237 1884 1372 1939; x_wconf 84' lang='lat' dir='ltr'><strong>turpi:</strong></span> 
     </span>
    </p>

    <p class='ocr_par' dir='ltr' id='par_1_16' title="bbox 303 1947 1267 2004">
     <span class='ocr_line' id='line_1_27' title="bbox 303 1947 1267 2004; baseline 0.006 -16"><span class='ocrx_word' id='word_1_193' title='bbox 303 1947 450 1989; x_wconf 86' lang='lat' dir='ltr'><strong>Metiri</strong></span> <span class='ocrx_word' id='word_1_194' title='bbox 469 1948 601 2004; x_wconf 86' lang='lat' dir='ltr'><strong>possis</strong></span> <span class='ocrx_word' id='word_1_195' title='bbox 621 1949 740 1991; x_wconf 91' lang='lat' dir='ltr'><strong>oculo</strong></span> <span class='ocrx_word' id='word_1_196' title='bbox 760 1950 882 1992; x_wconf 86' lang='lat' dir='ltr'><strong>latus.</strong></span> <span class='ocrx_word' id='word_1_197' title='bbox 943 1952 1016 1992; x_wconf 91' lang='lat' dir='ltr'><strong>An</strong></span> <span class='ocrx_word' id='word_1_198' title='bbox 1039 1951 1115 1993; x_wconf 89' lang='lat' dir='ltr'><strong>tibi</strong></span> <span class='ocrx_word' id='word_1_199' title='bbox 1136 1951 1267 1994; x_wconf 87' lang='lat' dir='ltr'><strong>mavis</strong></span> 
     </span>
    </p>

    <p class='ocr_par' dir='ltr' id='par_1_17' title="bbox 304 2015 1213 2074">
     <span class='ocr_line' id='line_1_28' title="bbox 304 2015 1213 2074; baseline 0.007 -18"><span class='ocrx_word' id='word_1_200' title='bbox 304 2015 486 2058; x_wconf 84' lang='lat' dir='ltr'><strong>Insidias</strong></span> <span class='ocrx_word' id='word_1_201' title='bbox 505 2015 610 2069; x_wconf 88' lang='lat' dir='ltr'><strong>fieri,</strong></span> <span class='ocrx_word' id='word_1_202' title='bbox 631 2017 891 2074; x_wconf 86' lang='lat' dir='ltr'><strong>pretiumque</strong></span> <span class='ocrx_word' id='word_1_203' title='bbox 911 2018 1093 2067; x_wconf 84' lang='lat' dir='ltr'><strong>avellier,</strong></span> <span class='ocrx_word' id='word_1_204' title='bbox 1117 2029 1213 2062; x_wconf 84' lang='lat' dir='ltr'><strong>ante</strong></span> 
     </span>
    </p>

    <p class='ocr_par' dir='ltr' id='par_1_18' title="bbox 305 2084 1635 2210">
     <span class='ocr_line' id='line_1_29' title="bbox 306 2084 1635 2140; baseline 0.005 -15"><span class='ocrx_word' id='word_1_205' title='bbox 306 2084 442 2134; x_wconf 82' lang='lat' dir='ltr'><strong>Quam</strong></span> <span class='ocrx_word' id='word_1_206' title='bbox 463 2099 639 2127; x_wconf 89' lang='lat' dir='ltr'><strong>mercem</strong></span> <span class='ocrx_word' id='word_1_207' title='bbox 653 2086 846 2128; x_wconf 82' lang='lat' dir='ltr'><strong>ostendi?</strong></span> <span class='ocrx_word' id='word_1_208' title='bbox 870 2087 907 2133; x_wconf 66' lang='grc' dir='ltr'>Ἥ</span> <span class='ocrx_word' id='word_1_209' title='bbox 926 2087 1135 2140; x_wconf 78' lang='lat' dir='ltr'><strong>Leporem</strong></span> <span class='ocrx_word' id='word_1_210' title='bbox 1149 2094 1332 2130; x_wconf 75' lang='lat' dir='ltr'><strong>venator</strong></span> <span class='ocrx_word' id='word_1_211' title='bbox 1352 2094 1406 2130; x_wconf 83' lang='lat' dir='ltr'><strong>ut</strong></span> <span class='ocrx_word' id='word_1_212' title='bbox 1424 2091 1519 2131; x_wconf 77' lang='lat' dir='ltr'><strong>alta</strong></span> <span class='ocrx_word' id='word_1_213' title='bbox 1554 2091 1635 2131; x_wconf 88' lang='lat'><strong>105</strong></span> 
     </span>
     <span class='ocr_line' id='line_1_30' title="bbox 305 2152 1368 2210; baseline 0.006 -18"><span class='ocrx_word' id='word_1_214' title='bbox 305 2152 366 2192; x_wconf 80' lang='lat' dir='ltr'><strong>In</strong></span> <span class='ocrx_word' id='word_1_215' title='bbox 385 2153 490 2192; x_wconf 80' lang='lat' dir='ltr'><strong>nive</strong></span> <span class='ocrx_word' id='word_1_216' title='bbox 509 2157 713 2205; x_wconf 76' lang='lat' dir='ltr'><strong>sectetur,</strong></span> <span class='ocrx_word' id='word_1_217' title='bbox 731 2156 923 2207; x_wconf 76' lang='lat' dir='ltr'><strong>positum</strong></span> <span class='ocrx_word' id='word_1_218' title='bbox 947 2156 1009 2195; x_wconf 72' lang='lat' dir='ltr'><strong>sic</strong></span> <span class='ocrx_word' id='word_1_219' title='bbox 1029 2160 1208 2210; x_wconf 68' lang='lat' dir='ltr'><strong>tangere</strong></span> <span class='ocrx_word' id='word_1_220' title='bbox 1227 2159 1339 2198; x_wconf 76' lang='lat' dir='ltr'><strong>nolit</strong></span> <span class='ocrx_word' id='word_1_221' title='bbox 1354 2175 1368 2199; x_wconf 86' lang='lat'><strong>.-</strong></span> 
     </span>
    </p>

    <p class='ocr_par' dir='ltr' id='par_1_19' title="bbox 307 2219 1575 2347">
     <span class='ocr_line' id='line_1_31' title="bbox 307 2219 1575 2275; baseline 0.005 -15"><span class='ocrx_word' id='word_1_222' title='bbox 307 2219 477 2270; x_wconf 85' lang='lat' dir='ltr'><strong>Cantat,</strong></span> <span class='ocrx_word' id='word_1_223' title='bbox 499 2227 541 2261; x_wconf 91' lang='lat' dir='ltr'><strong>et</strong></span> <span class='ocrx_word' id='word_1_224' title='bbox 561 2220 747 2275; x_wconf 86' lang='lat' dir='ltr'><strong>apponit,</strong></span> <span class='ocrx_word' id='word_1_225' title='bbox 769 2221 903 2263; x_wconf 79' lang='lat' dir='ltr'><strong>Meus</strong></span> <span class='ocrx_word' id='word_1_226' title='bbox 923 2226 989 2262; x_wconf 80' lang='lat' dir='ltr'><strong>est</strong></span> <span class='ocrx_word' id='word_1_227' title='bbox 1003 2236 1124 2264; x_wconf 85' lang='lat' dir='ltr'><strong>amor</strong></span> <span class='ocrx_word' id='word_1_228' title='bbox 1144 2225 1248 2265; x_wconf 75' lang='lat' dir='ltr'><strong>huic</strong></span> <span class='ocrx_word' id='word_1_229' title='bbox 1262 2226 1448 2266; x_wconf 80' lang='lat' dir='ltr'><strong>similis:</strong></span> <span class='ocrx_word' id='word_1_230' title='bbox 1469 2239 1575 2266; x_wconf 78' lang='lat' dir='ltr'><strong>nam</strong></span> 
     </span>
     <span class='ocr_line' id='line_1_32' title="bbox 311 2287 1461 2347; baseline 0.005 -19"><span class='ocrx_word' id='word_1_231' title='bbox 311 2287 577 2328; x_wconf 71' lang='lat' dir='ltr'><strong>Transvolat</strong></span> <span class='ocrx_word' id='word_1_232' title='bbox 596 2288 647 2328; x_wconf 80' lang='lat' dir='ltr'><strong>in</strong></span> <span class='ocrx_word' id='word_1_233' title='bbox 662 2288 800 2329; x_wconf 78' lang='lat' dir='ltr'><strong>medio</strong></span> <span class='ocrx_word' id='word_1_234' title='bbox 816 2290 977 2343; x_wconf 78' lang='lat' dir='ltr'><strong>posita,</strong></span> <span class='ocrx_word' id='word_1_235' title='bbox 994 2294 1036 2331; x_wconf 81' lang='lat' dir='ltr'><strong>et</strong></span> <span class='ocrx_word' id='word_1_236' title='bbox 1044 2291 1278 2345; x_wconf 66' lang='lat' dir='ltr'><strong>fugientia</strong></span> <span class='ocrx_word' id='word_1_237' title='bbox 1298 2298 1461 2347; x_wconf 76' lang='lat' dir='ltr'><strong>captat.</strong></span> 
     </span>
    </p>

    <p class='ocr_par' dir='ltr' id='par_1_20' title="bbox 306 2353 1358 2413">
     <span class='ocr_line' id='line_1_33' title="bbox 306 2353 1358 2413; baseline 0.007 -19"><span class='ocrx_word' id='word_1_238' title='bbox 306 2353 344 2401; x_wconf 68' lang='grc' dir='ltr'><em>Ἥ</em></span> <span class='ocrx_word' id='word_1_239' title='bbox 362 2353 538 2396; x_wconf 89' lang='lat' dir='ltr'><strong>Hiscine</strong></span> <span class='ocrx_word' id='word_1_240' title='bbox 558 2356 769 2398; x_wconf 87' lang='lat' dir='ltr'><strong>versiculis</strong></span> <span class='ocrx_word' id='word_1_241' title='bbox 790 2371 927 2413; x_wconf 85' lang='lat' dir='ltr'><strong>speras</strong></span> <span class='ocrx_word' id='word_1_242' title='bbox 951 2357 1024 2399; x_wconf 90' lang='lat' dir='ltr'><strong>tibi</strong></span> <span class='ocrx_word' id='word_1_243' title='bbox 1045 2372 1163 2413; x_wconf 89' lang='lat' dir='ltr'><strong>posse</strong></span> <span class='ocrx_word' id='word_1_244' title='bbox 1183 2359 1358 2407; x_wconf 79' lang='lat' dir='ltr'><strong>dolores,</strong></span> 
     </span>
    </p>

    <p class='ocr_par' dir='ltr' id='par_1_21' title="bbox 306 2421 1634 2551">
     <span class='ocr_line' id='line_1_34' title="bbox 306 2421 1634 2483; baseline 0.006 -20"><span class='ocrx_word' id='word_1_245' title='bbox 306 2421 444 2478; x_wconf 82' lang='lat' dir='ltr'><strong>Atque</strong></span> <span class='ocrx_word' id='word_1_246' title='bbox 464 2431 589 2465; x_wconf 79' lang='lat' dir='ltr'><strong>aestus</strong></span> <span class='ocrx_word' id='word_1_247' title='bbox 611 2438 810 2481; x_wconf 87' lang='lat' dir='ltr'><strong>curasque</strong></span> <span class='ocrx_word' id='word_1_248' title='bbox 829 2440 975 2480; x_wconf 88' lang='lat' dir='ltr'><strong>graves</strong></span> <span class='ocrx_word' id='word_1_249' title='bbox 997 2442 1020 2469; x_wconf 87' lang='lat' dir='ltr'><strong>e</strong></span> <span class='ocrx_word' id='word_1_250' title='bbox 1039 2435 1205 2482; x_wconf 89' lang='lat' dir='ltr'><strong>pectore</strong></span> <span class='ocrx_word' id='word_1_251' title='bbox 1225 2428 1357 2483; x_wconf 89' lang='lat' dir='ltr'><strong>pelli?</strong></span> <span class='ocrx_word' id='word_1_252' title='bbox 1549 2430 1634 2471; x_wconf 88' lang='lat'><strong>110</strong></span> 
     </span>
     <span class='ocr_line' id='line_1_35' title="bbox 306 2490 1431 2551; baseline 0.006 -20"><span class='ocrx_word' id='word_1_253' title='bbox 306 2490 457 2532; x_wconf 90' lang='lat' dir='ltr'><strong>Nonne</strong></span> <span class='ocrx_word' id='word_1_254' title='bbox 478 2491 742 2546; x_wconf 90' lang='lat' dir='ltr'><strong>cupidinibus</strong></span> <span class='ocrx_word' id='word_1_255' title='bbox 763 2502 917 2536; x_wconf 85' lang='lat' dir='ltr'><strong>statuat</strong></span> <span class='ocrx_word' id='word_1_256' title='bbox 937 2503 1085 2537; x_wconf 87' lang='lat' dir='ltr'><strong>natura</strong></span> <span class='ocrx_word' id='word_1_257' title='bbox 1105 2496 1271 2537; x_wconf 89' lang='lat' dir='ltr'><strong>modum</strong></span> <span class='ocrx_word' id='word_1_258' title='bbox 1293 2510 1431 2551; x_wconf 89' lang='lat' dir='ltr'><strong>quem,</strong></span> 
     </span>
    </p>

    <p class='ocr_par' dir='ltr' id='par_1_22' title="bbox 306 2557 1313 2619">
     <span class='ocr_line' id='line_1_36' title="bbox 306 2557 1313 2619; baseline 0.008 -21"><span class='ocrx_word' id='word_1_259' title='bbox 306 2557 418 2608; x_wconf 82' lang='lat' dir='ltr'><strong>Quid</strong></span> <span class='ocrx_word' id='word_1_260' title='bbox 438 2558 573 2600; x_wconf 86' lang='lat' dir='ltr'><strong>latura</strong></span> <span class='ocrx_word' id='word_1_261' title='bbox 592 2559 684 2610; x_wconf 88' lang='lat' dir='ltr'><strong>sibi,</strong></span> <span class='ocrx_word' id='word_1_262' title='bbox 706 2561 807 2617; x_wconf 89' lang='lat' dir='ltr'><strong>quid</strong></span> <span class='ocrx_word' id='word_1_263' title='bbox 828 2562 881 2604; x_wconf 89' lang='lat' dir='ltr'><strong>sit</strong></span> <span class='ocrx_word' id='word_1_264' title='bbox 902 2563 1082 2605; x_wconf 87' lang='lat' dir='ltr'><strong>dolitura</strong></span> <span class='ocrx_word' id='word_1_265' title='bbox 1101 2572 1313 2619; x_wconf 86' lang='lat' dir='ltr'><strong>negatum,</strong></span> 
     </span>
    </p>

    <p class='ocr_par' dir='ltr' id='par_1_23' title="bbox 307 2625 1448 2684">
     <span class='ocr_line' id='line_1_37' title="bbox 307 2625 1448 2684; baseline 0.009 -19"><span class='ocrx_word' id='word_1_266' title='bbox 307 2625 501 2676; x_wconf 86' lang='lat' dir='ltr'><strong>Quaerere</strong></span> <span class='ocrx_word' id='word_1_267' title='bbox 520 2627 614 2682; x_wconf 91' lang='lat' dir='ltr'><strong>plus</strong></span> <span class='ocrx_word' id='word_1_268' title='bbox 634 2629 816 2684; x_wconf 89' lang='lat' dir='ltr'><strong>prodest,</strong></span> <span class='ocrx_word' id='word_1_269' title='bbox 837 2639 879 2672; x_wconf 89' lang='lat' dir='ltr'><strong>et</strong></span> <span class='ocrx_word' id='word_1_270' title='bbox 898 2630 1020 2673; x_wconf 86' lang='lat' dir='ltr'><strong>inane</strong></span> <span class='ocrx_word' id='word_1_271' title='bbox 1041 2632 1280 2674; x_wconf 87' lang='lat' dir='ltr'><strong>abscindere</strong></span> <span class='ocrx_word' id='word_1_272' title='bbox 1301 2632 1448 2675; x_wconf 85' lang='lat' dir='ltr'><strong>soldo?</strong></span> 
     </span>
    </p>

    <p class='ocr_par' dir='ltr' id='par_1_24' title="bbox 307 2693 1353 2756">
     <span class='ocr_line' id='line_1_38' title="bbox 307 2693 1353 2756; baseline 0.009 -23"><span class='ocrx_word' id='word_1_273' title='bbox 307 2693 437 2743; x_wconf 89' lang='lat' dir='ltr'><strong>Num,</strong></span> <span class='ocrx_word' id='word_1_274' title='bbox 459 2693 535 2735; x_wconf 92' lang='lat' dir='ltr'><strong>tibi</strong></span> <span class='ocrx_word' id='word_1_275' title='bbox 555 2709 648 2737; x_wconf 89' lang='lat' dir='ltr'><strong>cum</strong></span> <span class='ocrx_word' id='word_1_276' title='bbox 668 2696 807 2739; x_wconf 86' lang='lat' dir='ltr'><strong>fauces</strong></span> <span class='ocrx_word' id='word_1_277' title='bbox 827 2698 911 2740; x_wconf 86' lang='lat' dir='ltr'><strong>urit</strong></span> <span class='ocrx_word' id='word_1_278' title='bbox 933 2698 1036 2748; x_wconf 89' lang='lat' dir='ltr'><strong>sitis,</strong></span> <span class='ocrx_word' id='word_1_279' title='bbox 1058 2714 1182 2742; x_wconf 83' lang='lat' dir='ltr'><strong>aurea</strong></span> <span class='ocrx_word' id='word_1_280' title='bbox 1201 2701 1353 2756; x_wconf 84' lang='lat' dir='ltr'><strong>quaeris</strong></span> 
     </span>
    </p>

    <p class='ocr_par' dir='ltr' id='par_1_25' title="bbox 308 2760 1634 2823">
     <span class='ocr_line' id='line_1_39' title="bbox 308 2760 1634 2823; baseline 0.008 -22"><span class='ocrx_word' id='word_1_281' title='bbox 308 2760 498 2803; x_wconf 86' lang='lat' dir='ltr'><strong>Pocula?</strong></span> <span class='ocrx_word' id='word_1_282' title='bbox 528 2775 626 2804; x_wconf 88' lang='lat' dir='ltr'><strong>num</strong></span> <span class='ocrx_word' id='word_1_283' title='bbox 647 2764 829 2808; x_wconf 84' lang='lat' dir='ltr'><strong>esuriens</strong></span> <span class='ocrx_word' id='word_1_284' title='bbox 848 2766 1010 2809; x_wconf 81' lang='lat' dir='ltr'><strong>fastidis</strong></span> <span class='ocrx_word' id='word_1_285' title='bbox 1030 2768 1168 2810; x_wconf 85' lang='lat' dir='ltr'><strong>omnia</strong></span> <span class='ocrx_word' id='word_1_286' title='bbox 1187 2777 1338 2823; x_wconf 83' lang='lat' dir='ltr'><strong>praeter</strong></span> <span class='ocrx_word' id='word_1_287' title='bbox 1551 2771 1634 2811; x_wconf 88' lang='lat'><strong>115</strong></span> 
     </span>
    </p>
   </div>
  </div>
 </body>
</html>
