1962 3268
353 297 410 340 94
776 311 816 341 Q.
848 307 1045 336 HoRA'rn
1080 309 1242 337 FLAccr

405 407 518 459 Quin
538 415 580 449 et
600 408 789 460 Atridas,
810 409 916 450 duce
937 416 992 459 te,
1013 409 1208 464 superbos

404 475 486 516 Ilio
505 475 621 518 dives
644 476 835 518 Priamus
855 476 1012 527 relicto,

403 542 708 599 Thessalosque
728 543 845 598 ignes
866 552 907 586 et
926 543 1068 599 iniqua
1090 544 1234 599 Trojae
1616 546 1671 586 15
1715 587 1718 590 ,

606 611 615 614 ’
633 612 779 653 Castra
798 611 956 653 fefellit.

406 679 479 719 Tu
498 678 587 733 pias
606 678 713 720 laetis
735 679 891 720 animas
910 678 1072 734 reponis

406 743 597 793 Sedibus,
620 745 815 802 virgaque
839 746 971 788 levem
993 760 1152 788 coerces

405 813 543 854 Aurea
563 814 739 863 turbam,
761 813 918 868 superis
939 814 1123 855 Deorum

635 881 792 922 Gratus
813 888 854 921 et
872 880 981 920 imis.
1116 909 1118 911 -
1532 903 1535 905 >
1613 882 1670 922 20

663 1045 790 1086 ODE
824 1045 913 1085 XI.
976 1043 1196 1094 (METRUM
1218 1047 1340 1100 x111.)

820 1149 882 1175 AD
909 1148 1198 1176 LEUCONOEN.

348 1225 420 1265 TU
441 1238 494 1265 ne
513 1222 736 1279 quaesieris,
759 1222 861 1263 scire
880 1222 1008 1272 nefas,
1030 1236 1151 1278 quem
1172 1222 1290 1272 mihi,
1311 1237 1430 1277 quem
1453 1224 1527 1265 tibi

349 1292 497 1332 Finem
520 1290 594 1331 Dii
614 1289 818 1340 dederint,
842 1290 1062 1331 Leuconoe
1075 1305 1087 1341 ;
1115 1304 1191 1331 nec
1212 1290 1463 1345 Babylonios

349 1357 546 1400 Tentaris
566 1371 769 1398 numeros.
831 1358 896 1398 Ut
915 1357 1061 1398 melius
1082 1357 1278 1413 quicquid
1297 1358 1374 1399 erit
1393 1359 1495 1413 pati,

349 1427 431 1467 Seu
450 1425 587 1480 plures
606 1423 777 1474 hiemes,
799 1439 870 1466 seu
890 1424 1035 1466 tribuit
1054 1425 1224 1479 Jupiter
1242 1425 1448 1474 ultimam,

347 1495 452 1544 Quae
471 1507 582 1534 nunc
602 1491 800 1547 oppositis
822 1492 1010 1534 debilitat
1029 1491 1263 1546 pumicibus
1283 1506 1394 1533 mare
1639 1495 1666 1535 5

347 1560 625 1616 Tyrrhenum.
689 1559 846 1614 Sapias,
867 1560 965 1601 vina
983 1559 1129 1616 liquefit,
1150 1568 1192 1601 et
1213 1559 1346 1615 spatio
1362 1558 1477 1601 brevi

346 1629 472 1683 Spem
491 1628 655 1683 longam
677 1642 855 1669 reseces:
887 1628 986 1669 dum
1007 1627 1228 1683 loquimur,
1246 1627 1400 1683 fugerit
1420 1626 1563 1669 invida

344 1696 487 1737 AEtas:
521 1710 641 1750 carpe
660 1695 785 1746 diem,
805 1710 927 1751 quam
949 1695 1164 1736 minimum
1186 1695 1354 1738 credula
1370 1704 1544 1750 postero.

711 1860 837 1901 ODE
870 1860 990 1901 XII.
1050 1860 1114 1910 (M.
1139 1861 1295 1912 xvm.)

836 1956 897 1983 AD
921 1955 1181 1994 AUGUSTUM.

399 2033 537 2083 QUEM
558 2032 691 2074 virum
713 2040 784 2074 aut
804 2031 929 2074 heroa
947 2031 1038 2086 lyra
1057 2030 1125 2072 vel
1144 2030 1227 2072 acri

398 2100 526 2142 Tibia
546 2100 672 2141 sumis
692 2100 911 2149 celebrare,
934 2098 1060 2140 Clio?

397 2169 531 2219 Quem
552 2169 723 2209 Deum?
757 2167 875 2223 cujus
894 2166 1049 2208 recinet
1062 2165 1205 2220 jocosa

568 2236 732 2277 Nomen
752 2235 903 2289 imago,

398 2305 483 2344 Aut
502 2303 547 2343 in
567 2302 768 2343 umbrosis
793 2300 1012 2343 Heliconis
1033 2300 1128 2349 oris,
1631 2304 1659 2343 5

396 2371 482 2411 Aut
503 2385 625 2424 super
642 2369 797 2420 -l’indo,
819 2368 1008 2423 gelidove
1027 2367 1071 2408 in
1094 2367 1274 2407 Haemo?

374 2473 377 2478 .
396 2437 524 2479 Unde
543 2437 722 2488 vocalem
746 2446 896 2478 temere
915 2436 1110 2476 insecutae

566 2503 734 2557 Orphea
754 2503 885 2552 silvae,

393 2569 499 2612 Arte
519 2579 704 2611 materna
724 2569 887 2624 rapidos
909 2577 1134 2610 morantem

354 2651 357 2655 ·
390 2637 630 2680 Fluminum
653 2637 792 2691 lapsus
813 2636 1042 2690 celeresque
1062 2643 1223 2684 ventoS‚
1602 2639 1657 2679 10

390 2705 597 2747 Blandum
620 2713 661 2745 et
681 2703 833 2745 auritas
852 2703 1003 2744 fidibus
1024 2703 1181 2744 canoris
1360 2712 1364 2714 ·

562 2773 724 2812 Ducere
744 2785 930 2825 quercus.
