1962 3268
0 851 14 873 ’ἢ

0 1004 21 1133 Ξ
53 1062 63 1078 0

0 1136 21 1196 “ζῑ-’
39 1187 44 1194 ,

697 305 950 336 cananum
983 305 1073 334 ιιι.
1105 305 1152 332 π.
1183 292 1225 332 8.

354 409 438 454 Sed
457 422 524 451 me
545 421 620 464 per
638 406 778 449 hostes
799 404 1043 448 Mercurius
1057 403 1166 447 celer

351 478 495 520 Denso
514 481 733 531 paventem
753 470 922 514 sustulit
942 484 1058 513 aere:

408 545 477 586 Te
495 555 638 584 rursus
657 539 702 582 in
721 538 879 582 bellum
898 537 1111 580 resorbens

464 609 596 654 Unda
613 606 731 651 fretis
752 605 851 649 tulit
868 604 1071 648 mstuosis.

348 679 467 734 Ergo
485 676 710 732 obligatam
731 673 863 716 redde·
875 671 980 715 Jovi
999 672 1165 728 dapem,

350 745 580 800 Longaque
598 742 753 785 fessum
773 740 923 783 militia
942 740 1052 783 latus

405 811 583 867 Depone
602 809 680 852 sub
700 809 958 856 1aum‘mea;
974 814 1067 849 1nec

463 880 597 922 Parce
615 876 730 921 cadis
750 876 828 919 tibi
847 875 1079 919 destinatis.

350 947 565 992 oblivioso
591 945 701 988 levia
721 943 909 986 Massico

350 1014 520 1059 Ciboria
539 1013 687 1070 eiple;
719 1012 850 1054 funde
869 1010 1089 1067 capacibus

408 1085 640 1139 Unguenta
659 1081 712 1123 de
732 1079 899 1122 conchis
917 1094 926 1121 :
959 1078 1052 1134 quis
1071 1078 1155 1120 udo

465 1152 754 1206 Deproperare
774 1146 869 1203 apio
888 1160 1061 1189 coronas

351 1221 537 1263 Curatve
555 1219 725 1273 myrto?
755 1229 876 1272 quem
900 1215 1044 1275 Venus
1063 1213 1261 1256 arbitrum

325 1324 329 1327 .
350 1287 476 1329 Dicet
495 1284 696 1328 bibendi?
725 1298 813 1326 non
832 1297 910 1339 ego
929 1282 1069 1324 sanius

410 1353 653 1398 Bacchabor
671 1350 834 1394 Edonis
853 1356 883 1392 :v¹
895 1355 1062 1406 recepto

467 1421 604 1464 Dulce
623 1420 727 1463 mihi
745 1419 882 1462 furere
901 1427 963 1460 est
982 1417 1127 1460 amico.

658 1644 785 1687 ODE
818 1644 954 1686 VIII.
1016 1641 1086 1693 (M.
1110 1645 1266 1695 xvnr.)

797 1759 860 1787 AD
894 1756 1120 1787 BARINEN.

352 1859 491 1902 ULLA
511 1858 546 1901 si
559 1857 668 1915 juris
689 1857 766 1900 tibi
786 1856 958 1913 pejerati

352 1928 500 1978 Poena,
524 1925 692 1976 Barim,
713 1925 922 1967 nocuisset
941 1936 1141 1980 unquam,

351 1996 492 2037 Dente
511 1993 547 2036 si
565 1993 687 2049 nigro
705 1992 841 2044 fieres,
862 1992 929 2034 vel
949 2004 1033 2034 uno

523 2059 710 2117 Turpiorv
726 2059 873 2117 ungui,

352 2130 598 2179 Crederem:
632 2128 706 2171 sed
725 2135 787 2179 tu,
805 2127 929 2169 simul
947 2125 1143 2182 obligasti

352 2197 566 2240 Per-fidum
587 2195 695 2238 votis
715 2203 855 2250 caput,
876 2194 1067 2236 enitescis

350 2264 570 2308 Pulchrior
589 2263 736 2314 multo,
751 2262 1040 2318 juvenumque
1057 2261 1198 2317 prodis

526 2332 704 2375 Publica
723 2345 832 2374 cura.

352 2400 540 2457 Expedit
560 2399 702 2443 matris
722 2399 878 2442 cineres
899 2406 1063 2453 opertos

353 2469 532 2520 Fallere,
549 2476 591 2511 et
612 2475 699 2510 toto
719 2466 924 2509 taciturna
942 2466 1075 2508 noctis

356 2537 484 2593 Signa
504 2550 597 2579 cum
618 2534 739 2586 coelo,
760 2534 980 2590 gelidaque
1001 2534 1137 2576 Divos

527 2605 669 2647 Morte
687 2611 883 2646 carentes.

356 2671 487 2715 Ridet
505 2671 596 2723 hoc,
617 2672 801 2728 inquam,
824 2670 1102 2726 Venus-ipsa3
1126 2670 1264 2713 rident

357 2740 575 2796 Simplices
597 2739 823 2795 Nymphae,
844 2739 955 2783 ferus
974 2748 1020 2782 et
1039 2739 1207 2795 Cupido

1540 288 1563 329 ·1
1571 287 1624 328 21

1573 874 1628 914 20

1600 2127 1625 2164 ΕΓ(

1573 2466 1627 2506 10
