1962 3268
378 301 434 344 66
807 313 848 342 o.
879 310 1076 338 HORA'ru
1109 308 1275 336 FLAccl

500 416 554 469 Sy
562 413 694 462 lvane,
717 419 828 453 tutor
845 409 1016 451 finium!

443 481 571 524 Libet
584 481 722 537 jacere
741 479 864 520 modo
884 478 960 519 sub
980 476 1150 532 antiqua
1170 475 1278 526 ilice,

501 548 633 590 Modo
653 548 696 588 in
718 545 851 588 tenaci
871 545 1070 600 gramine.

444 618 664 660 Labuntur
685 615 778 657 altis
797 613 960 655 interim
981 612 1082 667 ripis
1103 625 1244 667 aquae3
1652 611 1705 652 25

502 685 741 735 Queruntur
760 681 801 723 in
825 680 951 736 sylvis
971 694 1092 728 aves;

446 754 680 806 Fontesque
699 748 880 805 lymphis
901 748 1146 802 obstrepunt
1166 746 1441 797 manantibus,

506 822 678 861 Somnos
697 817 807 872 quod
826 815 974 857 invitet
993 815 1120 857 leves.

449 890 510 929 At
531 901 623 928 cum
646 884 825 927 tonantis
846 897 978 924 annus
998 882 1194 924 hibernus
1214 882 1243 921 J
1248 880 1338 921 ovis

506 954 665 995 Imbres
685 951 882 1005 nivesque
902 956 1124 1004 comparat,
1657 947 1715 987 30

449 1023 541 1062 Aut
560 1019 691 1061 trudit
710 1032 822 1060 acres
841 1016 939 1057 hinc
958 1024 1000 1058 et
1018 1015 1117 1057 hinc
1137 1016 1267 1058 multa
1287 1030 1388 1057 cane

505 1089 639 1143 Apros
659 1087 702 1127 in
724 1086 932 1127 obstantes
952 1083 1123 1138 plagas;

451 1158 537 1198 Aut
557 1154 681 1198 amite
701 1153 782 1194 levi
802 1167 892 1193 rara
914 1150 1047 1192 tendit
1067 1150 1183 1200 retia,

509 1222 667 1265 Turdis
688 1220 881 1263 edacibus
901 1219 1041 1266 dolos;

451 1291 738 1344 Pavidumque
758 1288 952 1343 leporem,
974 1295 1014 1327 et
1035 1287 1234 1327 advenam
1256 1285 1402 1339 laqueo
1421 1296 1580 1338 gruem,
1658 1282 1718 1323 35

508 1360 538 1399 J
541 1357 706 1399 ucunda
725 1363 864 1410 captat
883 1354 1064 1409 praemia.

453 1426 557 1478 Quis
577 1439 659 1466 non
681 1423 893 1470 malarum,
916 1436 1016 1476 quas
1037 1435 1149 1462 amor
1170 1435 1286 1462 curas
1306 1419 1445 1469 habet,

509 1494 619 1534 Haee
638 1492 747 1532 inter
767 1488 1022 1531 obliviscitur
1038 1491 1054 1528 ?

454 1561 576 1613 Quod
598 1559 632 1601 si
651 1557 803 1614 pudica
824 1555 969 1597 mulier
986 1554 1027 1595 in
1050 1563 1206 1609 partem
1222 1554 1343 1609 juvet

512 1629 696 1669 Domum
718 1633 840 1680 atque
860 1622 1001 1664 dulces
1022 1623 1187 1673 liberos,
1664 1619 1721 1659 40

457 1696 631 1747 (Sabina
651 1692 797 1749 qualis,
820 1699 891 1732 aut
910 1698 1075 1745 perusta
1092 1689 1248 1731 solibus

514 1762 700 1805 Pernicis
720 1774 823 1801 uxor
844 1757 1030 1813 Appuli‚)

456 1833 623 1873 Sacram
644 1827 817 1870 vetustis
837 1833 1019 1867 exstruat
1040 1823 1164 1878 lignis
1183 1822 1319 1863 focum

515 1897 636 1939 Lassi
656 1897 732 1936 sub
752 1895 973 1936 adventum
995 1890 1095 1931 viri:

458 1964 748 2017 Claudensque
769 1959 891 2001 textis
912 1958 1091 1999 cratibus
1111 1956 1252 1996 laetum
1275 1968 1414 2009 pecuS‚
1665 1954 1720 1993 45

516 2032 711 2074 Distenta
731 2028 854 2069 siccet
874 2027 998 2067 ubera
1015 2041 1026 2071 ς

458 2103 518 2143 Et
537 2100 668 2140 horna
688 2095 800 2137 dulci
821 2094 918 2134 vina
936 2105 1129 2147 promens
1149 2089 1274 2138 dolio,
1948 2085 1962 2110 ἐ

515 2169 658 2221 Dapes
677 2164 851 2204 inemtas
872 2167 1040 2214 apparet
1053 2174 1125 2206 3·-
1950 2146 1962 2207 j

458 2237 554 2278 Non
577 2248 642 2274 me
664 2230 847 2273 Lucrina
860 2227 1046 2283 juverint
1067 2223 1295 2278 conchylia,
1947 2211 1962 2264 Ξ

515 2301 707 2355 Magisve
726 2297 936 2345 rhombus,
959 2302 1031 2336 aut
1051 2291 1168 2340 scari,
1668 2287 1726 2328 50

461 2371 509 2412 Si
529 2384 630 2425 quos
643 2366 754 2409 -Eois
773 2365 959 2406 intonata
978 2360 1173 2402 fluctibus

521 2437 671 2478 Hiems
693 2434 745 2475 ad
764 2432 843 2473 hoc
863 2437 996 2471 vertat
1016 2442 1150 2469 mare:

460 2506 556 2546 Non
577 2502 679 2543 Afra
699 2499 786 2542 avis
806 2496 1026 2539 descendat
1047 2495 1088 2534 in
1111 2499 1293 2533 ventrem
1315 2502 1464 2539 meum,
1952 2478 1962 2543 ξ

493 2579 497 2583 ’
518 2572 614 2612 Non
637 2577 802 2620 attagen
825 2563 990 2605 Ionicus
1955 2547 1962 2567 ¹

460 2641 489 2680 J
493 2636 709 2684 ucundior,
731 2646 851 2688 quam
873 2631 979 2671 lecta
999 2628 1050 2669 de
1071 2622 1352 2682 pinguissimis
1668 2624 1723 2663 55
1932 2599 1962 2675 1

518 2704 643 2745 Oliva
662 2700 785 2744 ramis
807 2699 1010 2744 arborum,
1944 2678 1962 2749 ὲ

460 2775 546 2815 Aut
566 2771 691 2813 herba
711 2764 868 2821 lapathi
890 2773 1006 2818 prata
1022 2759 1210 2809 amantis„
1232 2767 1273 2799 et
1293 2757 1407 2812 gravi
1946 2799 1962 2827 f
