1962 3268
601 365 855 394 CARMINUM
890 365 978 392 mn.
1012 365 1042 393 1.
1074 351 1142 394 18.
1175 352 1241 397 19.
1500 353 1580 395 101

597 487 725 528 ODE
759 486 948 527 XVIII.
1012 485 1233 542 (M.x111.)

0 571 21 593 ἱ*
781 577 844 604 AD
876 577 1055 604 vARUM.

252 647 474 696 Numan,
494 644 617 694 Vare,
639 656 752 684 sacra
771 641 856 683 vite
876 641 992 696 prius
1013 641 1165 683 severis
1185 643 1370 684 arborem

253 712 376 755 Circa
394 711 495 753 mite
515 710 649 752 solum
674 708 863 759 Tiburis,
885 716 927 750 et
941 708 1096 751 moenia
1118 709 1261 751 Catili.

0 824 5 829 ,
252 780 382 823 Siccis
401 778 540 821 omnia
559 791 654 819 nam
675 777 780 818 dura
803 777 921 818 Deus
941 777 1184 832 proposuit;
1219 792 1353 833 neque

0 872 5 892 ι
165 879 171 886 .
251 847 473 889 Mol-daces
489 845 610 888 aliter
630 844 859 900 diffugiunt
880 843 1178 887 solicitudines.

0 907 7 926 ²
251 914 356 967 Quis
375 922 470 970 post
489 913 587 955 vina
607 926 775 969 gravem
797 912 989 954 militiam
1012 920 1086 955 aut
1104 912 1343 968 pauperiem
1365 921 1507 967 crepat
1524 916 1540 954 Ρ
1559 916 1586 955 5

251 982 356 1034 Quis
375 996 459 1023 non
480 989 521 1023 te
539 980 694 1036 potine,
717 979 883 1022 Bacche
904 988 1037 1035 pater,
1060 989 1197 1036 teque,
1219 981 1371 1023 decens
1392 982 1566 1023 Venus?

251 1051 317 1092 At
335 1064 388 1091 ne
407 1048 500 1105 quis
520 1047 673 1090 modici
696 1047 901 1090 transiliat
922 1062 1094 1089 munera
1116 1047 1276 1099 Liberi,

252 1118 487 1162 Centaurea
506 1104 646 1157 monet
661 1129 755 1157 cum
777 1114 974 1170 Lapithis
994 1116 1083 1157 rixa
1103 1130 1226 1171 super
1246 1130 1358 1158 mero

253 1184 478 1228 Debellata
495 1199 504 1225 :
537 1191 678 1225 monet
701 1182 904 1225 Sithoniis
923 1197 1006 1224 non
1026 1183 1130 1225 levis
1151 1183 1288 1225 Evius
1306 1200 1317 1231 ;

254 1255 363 1299 Cum
383 1252 445 1294 fas
465 1259 588 1307 atque
608 1250 724 1293 nefas
745 1251 899 1306 exiguo
919 1250 1002 1292 fine
1022 1250 1243 1292 libidinum
1282 1262 1284 1264 ’
1535 1254 1589 1294 10

252 1320 510 1363 Discernunt
529 1317 656 1360 avidi.
718 1319 816 1360 Non
837 1334 914 1374 ego
936 1326 991 1370 te,
1012 1319 1188 1361 candide
1211 1321 1430 1371 Bassareu,

252 1388 440 1431 Invitum
462 1386 670 1443 quatiam3
701 1401 777 1428 nec
798 1387 922 1429 variis
942 1387 1077 1429 obsita
1096 1387 1314 1429 frondibus

255 1456 344 1498 Sub
362 1455 506 1497 divum
526 1454 709 1510 rapiam:
744 1469 855 1496 saeva
876 1462 971 1496 tene
991 1469 1085 1496 cum
1107 1455 1358 1511 Berecyntio

254 1524 398 1567 Cornu
417 1531 630 1578 tympana,
647 1537 742 1578 quoe
763 1522 1030 1578 subsequitur
1050 1537 1184 1564 caecus
1207 1525 1341 1585 gxmor
1359 1524 1438 1576 sui,

254 1593 316 1634 Et
335 1589 483 1633 tollens
503 1604 677 1631 vacuum
695 1590 790 1644 plus
809 1590 938 1631 nimio
960 1590 1107 1633 Gloria
1127 1591 1338 1643 verticem,
1535 1596 1588 1637 15

254 1658 490 1714 Arcanique
512 1657 640 1700 Fides
660 1658 849 1714 prodiga,
871 1658 1121 1713 perlucidior
1140 1659 1262 1701 vitro.

643 1861 771 1902 ODE
805 1862 944 1903 XIX.
1007 1865 1079 1915 (M.
1104 1867 1196 1916 xv.)

760 1962 821 1989 DE
854 1963 1085 1992 GLYCERA.

260 2041 441 2082 Mum
462 2053 573 2081 saeva
593 2038 868 2093 Cupidinum,

317 2106 616 2163 Thebanaeque
629 2107 752 2163 jubet
773 2121 838 2149 me
859 2107 1040 2149 Semeles
1061 2122 1178 2162 puer,

259 2175 320 2216 Et
339 2174 495 2217 lasciva
516 2175 724 2223 Licentia,

318 2241 472 2284 Finitis
491 2241 675 2284 animum
695 2242 867 2284 reddere
888 2242 1107 2284 amoribus.

260 2309 362 2352 Urit
381 2324 447 2352 me
468 2309 664 2364 Glycerae
685 2309 795 2351 nitor

322 2377 587 2433 Splendentis
606 2377 730 2420 Pario
750 2392 953 2420 marmore
973 2379 1118 2433 purius
1136 2396 1144 2420 :

263 2445 365 2488 Urit
384 2453 504 2501 grata
522 2445 784 2501 protervitas,

319 2513 380 2554 Et
397 2512 537 2555 vultus
556 2513 730 2555 nimium
751 2513 934 2556 lubricus
956 2514 1098 2571 aspici.

265 2582 319 2623 In
338 2595 405 2623 me
425 2589 512 2623 tota
531 2596 654 2623 ruens
677 2583 817 2624 Venus

0 2691 10 2711 ,ᾖ
322 2649 508 2704 Cyprum
531 2649 738 2699 deseruit;
770 2665 847 2693 nec
867 2651 1024 2707 patitur
1042 2651 1219 2707 Scythas
1541 2656 1593 2696 10

0 2721 10 2763 ἱ
263 2716 325 2757 Et
345 2715 473 2757 versis
493 2716 721 2758 animosum
744 2718 859 2774 equis

324 2782 526 2825 Parthum
548 2784 700 2836 dicere,
722 2799 798 2828 nec
817 2801 910 2841 quae
931 2787 1036 2829 nihil
1058 2788 1247 2830 attinent.

267 2852 353 2895 Hic
374 2851 514 2894 vivum
537 2852 639 2894 mihi
660 2854 871 2909 cespitem,
893 2854 961 2896 hic

1565 2315 1591 2352 Ur
