1962 3268
369 268 450 309 110
801 284 840 313 α.
872 282 1067 311 ΗοκΑΤιι
1102 285 1262 313 FLACCI

538 380 722 430 Barbite,
744 394 922 433 carmen,
1944 422 1962 443 „-

424 446 576 488 Lesbio
596 447 773 502 primum
794 449 1002 491 modulate
1022 451 1131 500 civi3
1652 458 1679 498 5
1945 449 1962 493 ,ἶ

423 514 506 563 Qui
525 513 639 555 ferox
658 514 781 566 bello,
803 523 941 557 tamen
959 516 1066 559 inter
1085 531 1210 569 arma,
1954 516 1962 526 ²

422 579 519 621 Sive
531 580 729 635 jactatam
749 580 943 637 religarat
962 584 1045 625 udo

535 647 697 689 Littore
716 649 870 701 navim,

421 713 618 756 Liberum
641 722 682 756 et
703 717 865 768 Musas,
888 717 1168 773 Veneremque
1188 727 1229 761 et
1248 719 1309 760 illi

424 781 593 835 Semper
611 781 835 823 haerentem
861 784 1041 824 Puerum
1063 786 1248 837 canebat,
1626 790 1680 830 10

421 847 481 887 Et
502 847 664 901 Lycum
685 848 814 902 nigris
835 849 963 891 oculis
981 850 1180 906 nigroque
1950 900 1962 917 (Ι

538 913 664 954 Crine
684 914 889 956 decorum.
1574 940 1582 949 ·
1941 924 1962 979 j

395 991 399 995 ·
423 978 465 1020 O
486 980 610 1021 decus
631 979 797 1031 Phoebi,
819 989 861 1023 et
879 982 1054 1037 dapibus
1076 985 1254 1037 supremi

422 1046 553 1087 Grata
573 1047 737 1087 testudo
756 1047 786 1087 J
790 1047 891 1098 ovis,
915 1049 952 1089 O
972 1049 1157 1091 laborum

420 1111 559 1155 Dulce
578 1113 771 1164 lenimen,
794 1113 896 1155 mihi
917 1129 1077 1171 cunque
1098 1117 1209 1159 salve
1625 1123 1679 1162 15

595 1180 697 1222 Rite
717 1181 892 1223 vocanti.

668 1385 794 1426 ODE
827 1386 1077 1429 XXXIII.
1141 1390 1207 1440 (M.
1238 1391 1350 1442 XVI.)

745 1511 807 1536 AD
839 1510 1017 1538 ALBIUM
1050 1511 1298 1542 TIBULLUM.

421 1595 554 1645 ALBI,
577 1609 630 1636 ne
649 1595 788 1636 doleas
809 1596 904 1650 plus
923 1597 1051 1639 nimio
1071 1612 1225 1641 memor

424 1661 605 1702 Immitis
623 1662 842 1716 Glycerae,
872 1678 954 1713 neu
974 1664 1226 1708 miserabiles

420 1728 628 1769 Decantes
646 1724 797 1784 elegOS,
819 1744 892 1772 cur
910 1731 986 1773 tibi
999 1731 1141 1786 junior

592 1796 716 1837 Laesa
736 1797 953 1850 praeniteat
970 1798 1067 1839 fide.

422 1861 635 1915 Insignem
656 1863 771 1903 tenui
790 1863 924 1906 fronte
946 1865 1156 1918 Lycorida
1653 1874 1681 1913 5

423 1927 525 1980 Cyri
545 1935 671 1968 torret
692 1923 829 1975 arnol-3
864 1931 1000 1983 Cyrus
1020 1930 1065 1971 in
1085 1945 1269 1984 asperam

421 1992 618 2034 Declinat
634 1993 845 2034 Pholoen:
879 1995 951 2037 sed
971 1995 1085 2049 prius
1107 1997 1290 2051 Appulis

600 2060 630 2100 J
632 2068 840 2114 ungentur
859 2075 1018 2115 capreae
1038 2062 1164 2117 lupis,

421 2126 554 2174 Quam
576 2126 687 2180 turpi
708 2126 867 2169 Pholoe
886 2136 1028 2182 peccet
1047 2129 1247 2172 adultero.

422 2192 491 2232 Sic
511 2191 646 2233 visum
667 2193 844 2241 Veneri;
877 2194 945 2234 cui
964 2194 1100 2248 placet
1118 2195 1294 2250 impares
1625 2203 1680 2243 10

419 2259 592 2300 Formas
612 2267 735 2313 atque
755 2259 911 2301 animos
932 2261 1008 2302 sub
1020 2261 1126 2316 juga
1145 2261 1300 2304 ahenea

594 2327 713 2368 Saevo
733 2326 895 2369 mittere
916 2342 1011 2369 cum
1019 2328 1130 2384 joco.

421 2392 567 2444 Ipsum
588 2389 653 2434 me
672 2393 816 2434 melior
836 2407 929 2435 cum
949 2403 1106 2448 peteret
1122 2396 1276 2446 Venus,

380 2476 383 2479 ·
417 2457 549 2501 Grata
569 2459 748 2501 detinuit
767 2461 962 2514 compede
984 2462 1170 2514 Myrtale

421 2526 651 2576 Libertina,
673 2526 790 2567 fretis
810 2527 939 2573 acrior
959 2527 1108 2568 Adriae
1621 2536 1675 2575 15

591 2593 812 2636 Curvantis
831 2593 1026 2635 Calabros
1047 2593 1172 2635 sinus.
