1962 3268
407 320 491 362 188
829 333 869 363 Q.
901 331 1097 359 HORATII
1131 332 1295 360 PLAccx

403 431 612 487 Dictaque
632 439 857 473 cessantem
879 432 1016 474 nervis
1037 431 1188 474 elidere
1207 432 1392 474 morbum

405 498 614 552 Sulphura
634 498 855 549 contemni,
877 499 992 541 vicus
1012 499 1155 555 gemit,
1177 499 1341 541 invidus
1362 499 1497 554 aegris,

403 565 486 615 Qui
507 574 630 620 caput
651 574 691 607 et
712 566 967 607 stomachum
990 581 1218 622 supponere
1237 567 1422 608 fontibus
1443 567 1597 609 audent

403 632 602 683 Clusinis,
625 633 862 689 Gabiosque
882 643 1045 689 petunt,
1065 643 1106 675 et
1125 634 1275 689 frigida
1294 649 1401 676 rura.

403 699 635 741 Mutandus
656 699 766 741 locus
788 711 863 751 est,
885 710 925 742 et
947 701 1169 743 diversoria
1189 709 1286 743 nota
1669 701 1725 742 10

402 766 744 823 Praeteragendus
763 783 891 823 equus
908 785 917 809 :
952 770 1046 816 Quo
1067 768 1201 810 tendis
1219 769 1228 809 ἱ
1261 783 1342 809 non
1363 768 1465 809 mihi
1486 769 1640 811 Cumas

402 834 482 874 Est
502 833 594 882 iter,
617 842 688 875 aut
711 834 848 884 Baias,
871 835 978 875 laeva
998 835 1277 876 stomachosus
1297 835 1460 876 habena
1599 879 1605 885 ‚

402 899 528 941 Dicet
548 914 696 955 eques,
731 901 802 942 sed
823 901 918 955 equi
937 901 1110 942 fraenato
1131 910 1192 942 est
1213 901 1323 942 auris
1342 901 1385 942 in
1408 916 1475 942 ore
1491 903 1584 955 :)——

403 967 543 1022 Major
562 976 699 1008 utrum
718 967 915 1021 populum
937 967 1134 1008 frumenti
1154 967 1272 1022 copia
1291 975 1431 1022 pascat
1449 984 1460 1015 3

403 1033 662 1075 Collectosne
682 1033 824 1075 bibant
844 1033 1009 1084 imbres,
1026 1041 1224 1088 puteosne
1244 1048 1442 1089 perennes
1673 1034 1727 1079 15

403 1100 433 1140 J
437 1099 529 1154 ugis
550 1114 667 1154 aquae
684 1117 695 1149 ς
730 1114 823 1142 nam
846 1100 943 1142 vina
962 1100 1069 1142 nihil
1090 1115 1223 1142 moror
1242 1101 1354 1143 illius
1375 1116 1467 1143 orae.

403 1167 520 1208 Rure
540 1181 630 1208 meo
650 1181 814 1222 possum
836 1168 1001 1223 quidvis
1020 1168 1198 1223 perferre
1217 1168 1410 1224 patique;

402 1235 471 1275 Ad
491 1249 600 1276 mare
620 1249 712 1276 cum
734 1235 843 1286 veni,
865 1250 1106 1290 generosum
1129 1244 1170 1277 et
1196 1236 1288 1278 lene
1307 1236 1494 1292 requiro;

405 1302 529 1352 Quod
548 1317 664 1343 curas
685 1302 838 1357 abigat,
861 1303 971 1358 quod
991 1317 1082 1344 cum
1106 1317 1176 1357 spe
1197 1302 1326 1344 divite
1355 1311 1494 1345 manet

404 1369 458 1409 In
479 1383 603 1410 venas
623 1369 886 1425 animumque
905 1385 1057 1421 meum,
1079 1370 1189 1425 quod
1210 1371 1333 1412 verba
1353 1370 1572 1421 ministret,
1670 1370 1727 1410 20

404 1436 527 1486 Quod
546 1451 612 1477 me
632 1437 816 1478 Lucanae
830 1438 1026 1492 juvenem
1049 1438 1305 1479 commendet
1325 1437 1467 1479 amicae
1484 1453 1556 1478 :—

405 1504 585 1544 Tractus
604 1511 696 1544 uter
715 1503 854 1558 plures
880 1505 1052 1559 lepores,
1074 1513 1166 1545 uter
1186 1505 1333 1546 educet
1353 1519 1495 1559 apros:

404 1570 514 1611 Utra
534 1570 665 1624 magis
685 1570 817 1625 pisces
838 1579 879 1612 et
900 1571 1067 1613 echinos
1088 1586 1254 1627 aequora
1275 1572 1436 1620 celent;

404 1636 580 1691 Pinguis
600 1646 648 1678 ut
668 1637 766 1679 inde
785 1639 951 1680 domum
972 1639 1124 1694 possim
1148 1638 1386 1694 Phaeaxque
1406 1638 1556 1681 reverti
1573 1655 1644 1680 :—

407 1704 592 1746 Scribere
611 1713 652 1745 te
671 1701 802 1756 nobis,
824 1705 900 1747 tibi
919 1721 1007 1756 nos,
1028 1707 1240 1748 accredere
1259 1721 1334 1761 par
1353 1714 1427 1748 est.
1672 1707 1729 1750 25

407 1771 606 1822 Maenius,
627 1780 675 1813 ut
693 1772 815 1813 rebus
837 1773 1033 1814 maternis
1053 1782 1175 1829 atque
1194 1775 1376 1829 paternis

407 1838 590 1879 Fortiter
609 1839 820 1888 absumtis,
842 1841 1023 1882 urbanus
1044 1841 1170 1896 coepit
1190 1841 1346 1893 haberi,

410 1906 558 1946 Scurra
578 1920 722 1959 vagus,
742 1921 825 1947 non
846 1908 918 1961 qui
938 1916 1092 1948 certum
1110 1918 1297 1963 praesepe
1317 1916 1488 1959 teneret,

409 1973 650 2026 Impransus
676 1987 758 2012 non
778 1973 849 2027 qui
870 1974 999 2014 civem
1021 1974 1278 2027 dignosceret
1298 1974 1440 2022 hoste;

409 2040 618 2087 Quaelibet
637 2040 680 2081 in
701 2041 886 2095 quemvis
906 2040 1123 2095 opprobria
1142 2040 1298 2094 fingere
1319 2055 1453 2082 saevus
1470 2057 1481 2089 ;
1671 2042 1728 2083 30

409 2107 619 2149 Pernicies
640 2116 680 2149 et
710 2115 929 2162 tempestas
949 2107 1267 2162 barathrumque
1286 2108 1461 2166 macelli,

409 2175 618 2230 Quicquid
638 2174 870 2230 quaesierat,
887 2174 1021 2215 ventri
1042 2174 1222 2216 donabat
1242 2189 1383 2216 avaro:

409 2241 496 2283 Hic
516 2242 588 2283 ubi
607 2242 802 2297 nequitiae
822 2241 1051 2283 fautoribus
1072 2249 1113 2283 et
1134 2241 1290 2283 timidis
1309 2242 1368 2282 nil

412 2310 501 2350 Aut
519 2309 686 2363 paulum
708 2309 945 2360 abstulerat,
966 2308 1127 2363 patinas
1147 2309 1335 2351 coenabat
1355 2309 1500 2359 omasi,

408 2376 514 2417 Vilis
535 2385 575 2417 et
595 2376 772 2431 agninae,
795 2376 924 2418 tribus
943 2375 1048 2416 ursis
1069 2377 1179 2430 quod
1199 2376 1297 2417 satis
1317 2385 1449 2424 esset;
1671 2378 1728 2418 35

378 2476 380 2480 .
410 2443 575 2484 Scilicet
595 2453 641 2484 ut
661 2451 824 2484 ventres
844 2444 980 2484 lamna
1002 2443 1202 2483 candente
1222 2451 1419 2497 nepotum

406 2510 576 2550 Diceret
596 2511 787 2561 urendos,
810 2518 1011 2551 corrector
1033 2509 1211 2551 Bestius.
1263 2511 1382 2551 Idem

409 2576 455 2617 Si
475 2572 575 2632 quid
596 2585 682 2618 erat
702 2586 847 2618 nactus
867 2569 1019 2631 praedae
1041 2576 1219 2631 majoriS,
1234 2576 1304 2617 ubi
1325 2590 1445 2617 omne

358 2654 360 2658 '
406 2644 595 2684 Verterat
615 2643 657 2683 in
677 2643 835 2684 fumum
858 2651 899 2684 et
919 2644 1110 2692 cinerem,
1134 2644 1231 2684 Non
1251 2643 1418 2685 hercule
1436 2644 1574 2696 miror,

407 2710 576 2760 Aiebat,
598 2709 705 2766 siqui
725 2710 943 2751 comedunt
962 2711 1069 2752 bona
1089 2727 1101 2758 ;
1135 2725 1227 2751 cum
1249 2711 1302 2752 sit
1322 2712 1442 2753 obeso
1672 2714 1729 2755 40

407 2777 483 2819 Nil
503 2778 648 2819 melius
679 2779 813 2829 turdo,
835 2778 895 2819 nil
915 2778 1039 2819 vulva
1059 2778 1271 2832 pulchrius
1291 2780 1440 2833 ampla.
