1962 3268
408 347 463 388 18
836 359 876 389 Q«
908 358 1102 387 HonA'rn
1135 358 1299 388 FLAccr

410 459 542 499 Terra
563 457 674 508 tulit,
696 472 827 513 neque
847 458 961 513 queis
981 471 1046 500 me
1068 458 1121 499 sit
1141 459 1368 500 devinctior
1386 459 1501 501 alteri

409 521 451 564 Ο
471 524 542 580 qui
562 524 797 579 complexus
816 527 825 566 ἔ
859 533 900 566 et
919 525 1070 579 gaudia
1090 534 1244 580 quanta
1262 525 1428 568 fuerunt
1445 523 1454 566 !

409 592 483 633 Nil
503 607 578 647 ego
599 592 838 633 contulerim
853 593 1040 647 jucundo
1061 607 1182 634 sanus
1203 593 1346 634 amico.

408 658 602 700 Proxima
624 660 835 713 Campano
855 659 971 714 ponti
991 674 1084 715 quae
1104 660 1260 711 villula,
1283 669 1436 702 tectum

409 725 619 773 Praebuit;
653 735 694 766 et
713 725 880 781 parochi
900 741 993 782 quae
1012 727 1162 768 debent
1181 727 1309 782 ligna,
1331 727 1547 783 salemque.

409 793 524 835 Hinc
545 794 646 835 muli
668 795 827 847 Capuae
847 793 1019 837 clitellas
1040 801 1221 848 tempore
1239 802 1412 848 ponunt.

409 861 568 902 Lusum
590 861 623 902 it
646 863 880 908 Maecenas;
913 859 1133 901 dormitum
1155 875 1230 914 ego
1251 861 1552 916 virgiliusque:

408 929 598 982 Namque
618 927 703 982 pila
722 927 846 981 lippis
866 926 1077 967 inimicum
1099 934 1140 967 et
1159 926 1301 968 ludere
1321 928 1470 969 crudis.

408 994 524 1035 Hinc
544 1009 617 1035 nos
639 994 802 1035 Cocceii
822 992 968 1047 recipit
986 992 1223 1047 plenissima
1243 993 1355 1043 villa,

409 1062 514 1112 Quae
535 1076 655 1116 super
675 1070 736 1102 est
758 1061 893 1103 Caudi
913 1074 1128 1115 cauponas.
1190 1062 1315 1103 Nunc
1335 1061 1437 1103 mihi
1457 1062 1597 1117 paucis

410 1128 613 1169 Sarmenti
634 1143 784 1170 scurrae
804 1142 983 1183 pugnam
1008 1128 1219 1183 Messique
1241 1128 1403 1179 Cicirri,

410 1192 552 1245 Musa,
574 1195 696 1236 velim
717 1210 940 1242 memores;
976 1203 1016 1235 et
1037 1209 1117 1250 quo
1137 1203 1253 1250 patre
1272 1204 1394 1237 natus
1414 1204 1585 1251 uterque

410 1261 643 1302 Contulerit
662 1261 768 1303 lites.
830 1262 962 1302 Messi
981 1261 1133 1303 clarum
1156 1277 1284 1316 genus
1306 1262 1430 1310 Osci3

411 1328 614 1369 Sarmenti
635 1328 800 1370 domina
820 1336 965 1369 exstat.
1025 1329 1098 1369 Ab
1118 1328 1183 1369 his
1203 1329 1422 1384 majoribus
1443 1330 1520 1370 orti

408 1395 482 1435 Ad
501 1409 681 1450 pugnam
702 1410 871 1436 venere:
905 1395 1015 1449 prior
1036 1394 1291 1445 Sarmentus,
1314 1396 1425 1450 Equi
1447 1404 1488 1437 te

410 1463 516 1503 Esse
535 1462 610 1503 feri
632 1462 803 1503 similem
826 1462 930 1503 dico.
991 1462 1217 1503 Ridemus:
1251 1471 1292 1503 et
1313 1462 1399 1517 ipse

410 1529 607 1579 Messius,
629 1529 823 1584 Accipio;
859 1538 982 1584 caput
1002 1538 1042 1570 et
1062 1537 1223 1570 movet:
1257 1531 1310 1579 O,
1327 1538 1403 1586 ‘tua
1422 1544 1547 1571 cornu

410 1596 469 1638 Ni
487 1596 592 1637 foret
612 1604 773 1637 exsecto
794 1595 907 1637 frons
930 1595 1103 1651 (inquit)
1125 1596 1225 1651 quid
1245 1595 1413 1647 faceres,
1435 1610 1528 1638 cum

411 1663 480 1704 Sic
499 1663 670 1704 mutilus
690 1662 920 1704 miniteris?
981 1664 1043 1703 At
1063 1662 1124 1703 illi
1145 1662 1257 1704 foeda
1277 1663 1445 1704 cicatrix

411 1729 595 1772 Setosam
617 1730 715 1770 laevi
734 1730 908 1771 frontem
932 1738 1167 1784 turpaverat
1186 1729 1279 1770 oris.

410 1798 669 1851 Campanum
690 1797 731 1837 in
753 1798 954 1847 morbum,
975 1797 1018 1837 in
1038 1796 1183 1838 faciem
1204 1796 1408 1850 permulta
1420 1796 1598 1851 jocatus,

407 1863 618 1905 Pastorem
641 1863 805 1904 saltaret
826 1864 886 1904 uti
909 1864 1093 1918 Cyclopa
1111 1864 1306 1918 rogabat;

409 1930 485 1971 Nil
503 1930 566 1970 illi
586 1930 699 1970 larva
718 1938 788 1970 aut
811 1929 1001 1984 Tragicis
1021 1944 1123 1984 opus
1143 1944 1231 1970 esse
1251 1928 1472 1970 cothurnis.

411 1996 553 2037 Multa
573 1995 753 2038 Cicirrus
774 1997 827 2037 ad
846 1996 949 2048 haec,
971 1996 1161 2037 donasset
1174 1996 1317 2050 jamne
1336 2003 1519 2036 catenam

409 2065 479 2105 Ex
498 2071 594 2104 voto
616 2062 808 2112 Laribus,
829 2063 1063 2118 quaerebat:
1096 2062 1227 2104 scriba
1245 2062 1355 2117 quod
1375 2070 1495 2112 esset,

409 2129 510 2171 Nilo
531 2129 709 2170 deterius
729 2129 908 2170 dominae
920 2130 991 2185 jus
1011 2144 1111 2170 esse.
1171 2130 1366 2183 Rogabat

411 2196 619 2251 Denique,
640 2211 712 2237 cur
731 2211 909 2251 unquam
930 2196 1128 2250 fugisset;
1162 2195 1229 2237 cui
1251 2195 1348 2237 satis
1368 2210 1450 2243 una

412 2264 551 2305 Farris
570 2263 675 2305 libra
693 2263 811 2313 foret,
833 2263 976 2317 gracili
997 2263 1069 2314 sic,
1091 2271 1255 2317 tamque
1275 2262 1437 2316 pusillo.

412 2332 585 2372 Prorsus
599 2331 784 2384 jucunde
805 2344 961 2371 coenam
983 2330 1249 2384 produximus
1268 2329 1395 2370 illam.

1668 995 1728 1035 50

1670 1331 1727 1370 55

1670 1993 1726 2036 65

1669 2327 1729 2382 70

412 2397 644 2438 Tendimus
665 2397 761 2438 hinc
782 2406 892 2438 recta
912 2398 1196 2438 Beneventum
1213 2413 1223 2444 ;
1257 2396 1329 2436 ubi
1350 2396 1515 2436 sedulus
1535 2395 1683 2450 hospes
1713 2433 1715 2435 .

364 2481 366 2485 ·
409 2465 524 2504 Pene
543 2477 699 2521 macros
719 2463 818 2504 arsit
837 2464 935 2504 dum
956 2464 1097 2504 turdos
1117 2470 1251 2504 versat
1270 2462 1314 2502 in
1333 2462 1452 2516 igne:

409 2531 518 2585 Nam
540 2519 656 2584 vaga’
666 2544 738 2584 per
758 2538 935 2570 veterem
957 2530 1115 2583 dilapso
1133 2528 1297 2570 flamma
1317 2527 1494 2569 culinam

410 2596 610 2646 Vulcano,
632 2609 834 2636 summum
855 2597 1096 2650 properabat
1116 2596 1293 2637 lambere
1313 2603 1478 2636 tectum.

341 2659 343 2663 ⁸
410 2662 617 2704 Convivas
638 2661 779 2703 avidos
799 2676 955 2703 coenam
978 2677 1192 2718 servosque
1213 2663 1402 2703 timentes

412 2731 526 2771 Tum
546 2744 701 2784 rapere,
723 2737 844 2784 atque
864 2744 1002 2770 omnes
1022 2730 1274 2784 restinguere
1294 2729 1399 2770 velle
1419 2728 1591 2770 videres.

411 2797 567 2852 Incipit
588 2812 638 2838 ex
657 2797 728 2838 illo
747 2805 904 2837 montes
928 2797 1107 2850 Appulia
1128 2805 1243 2837 notos

1667 2661 1751 2715 75.
