1962 3268
412 305 496 345 144
826 319 852 348 Q
899 317 1093 346 HORATlI
1127 318 1290 348 FLAccx

803 485 929 527 ODE
962 486 1043 528 VI.
1105 488 1171 539 (M.
1193 488 1299 539 xtx.)

890 632 952 660 AD
986 633 1216 662 ROMANos.

454 751 670 792 DELICTA
690 750 890 806 majorum
912 750 1141 793 immeritus
1161 751 1264 803 lues,

452 819 654 868 Romane,
676 818 806 859 donec
826 818 979 872 templa
997 819 1199 870 refeceris,

507 885 723 940 AEdesque
742 884 927 926 labentes
944 878 1147 936 Deorum,
1170 895 1212 927 et

563 951 698 993 Foeda
716 950 834 1005 nigro
855 950 1072 993 simulacra
1090 951 1218 994 fumo.

446 1018 542 1060 Diis
562 1028 603 1060 te
623 1018 820 1059 minorem
841 1018 954 1074 quod
973 1018 1096 1074 geris,
1119 1019 1295 1075 imperas
1312 1037 1320 1061 :

445 1086 562 1127 Hinc
583 1100 702 1127 omne
722 1084 988 1141 principium,
1009 1086 1092 1128 huc
1112 1086 1217 1129 refer
1236 1088 1404 1130 exitum.

500 1153 560 1194 Di
580 1153 711 1195 multa
730 1153 908 1207 neglecti
928 1154 1132 1195 dederunt

556 1220 777 1275 Hesperiae
796 1220 904 1262 mala
923 1220 1138 1262 luctuosae.

440 1290 471 1329 .Ῐ
474 1302 539 1330 am
559 1287 622 1330 bis
644 1289 867 1339 Monaeses,
888 1296 930 1330 et
950 1289 1098 1331 Pacori
1118 1303 1263 1332 manus

440 1357 482 1397 N
485 1370 538 1397 on
558 1354 787 1411 auspicatos
808 1356 997 1415 contudit
1015 1356 1194 1411 impetus

495 1424 539 1465 N
541 1431 695 1471 ostros;
729 1430 769 1464 et
789 1422 986 1478 adjecisse
1004 1424 1187 1477 praedam

553 1489 791 1545 Torquibus
812 1489 971 1544 exiguis
990 1490 1164 1532 renidet.

435 1558 565 1608 Pene,
587 1565 824 1611 occupatam
847 1556 1128 1607 seditionibus,

434 1624 604 1667 Delevit
623 1625 764 1667 urbem
786 1623 930 1666 Dacus
950 1633 991 1666 et
1013 1625 1236 1681 AEthiops;

490 1692 577 1734 Hic
598 1692 727 1734 classe
745 1692 1002 1742 formidatus,
1024 1693 1095 1735 ille

546 1759 780 1802 Missilibus
801 1759 944 1801 melior
964 1761 1139 1816 sagittis.

431 1829 647 1871 Foecunda
667 1828 800 1883 culpae
820 1828 972 1870 saecula
990 1829 1156 1884 nuptias

433 1895 619 1937 Primum
640 1894 921 1949 inquinavere,
943 1904 984 1936 et
1003 1910 1134 1950 genus
1154 1905 1196 1938 et
1215 1897 1381 1939 domos:

485 1963 582 2003 Hoc
601 1961 714 2002 fonte
734 1960 918 2003 derivata
938 1961 1073 2003 clades

542 2027 596 2067 In
618 2025 791 2081 patriam
812 2025 1094 2080 populumque
1108 2025 1241 2069 fluxit.

427 2092 574 2133 Motus
595 2089 731 2132 doceri
750 2089 904 2144 gaudet
925 2089 1089 2132 Ionicos

426 2160 595 2201 Matura
610 2157 726 2213 virgo
742 2173 753 2205 ;
785 2164 827 2199 et
846 2156 1018 2212 fingitur
1037 2159 1205 2200 artubus

483 2228 514 2268 J
516 2240 582 2268 am
602 2239 727 2275 nunc,
749 2232 790 2266 et
809 2224 985 2267 incestos
1006 2240 1164 2268 amores

538 2293 606 2334 De
626 2300 764 2334 tenero
784 2291 1007 2334 meditatur
1025 2293 1175 2348 ungui:

423 2363 529 2404 Mox
542 2359 727 2415 juniores
747 2359 895 2414 quaerit
915 2360 1122 2402 adulteros

377 2476 379 2479 ,
423 2430 541 2471 Inter
561 2427 697 2469 mariti
716 2426 826 2478 vina,
847 2441 979 2483 neque
994 2428 1110 2483 eligit

479 2495 562 2538 Cui
582 2495 706 2536 donet
725 2494 980 2549 impermissa
998 2495 1147 2550 raptim

495 2572 499 2575 '
534 2561 716 2612 Gaudia,
737 2561 961 2602 luminibus
981 2562 1167 2611 remotis;

357 2654 359 2657 ·
421 2631 504 2673 Sed
517 2631 635 2686 jussa
653 2643 787 2671 coram
807 2643 889 2669 non
910 2629 996 2671 sine
1013 2629 1174 2671 conscio

422 2695 564 2751 Surgit
583 2695 744 2746 marito,
764 2709 836 2735 seu
855 2705 973 2738 vocat
991 2696 1167 2747 institor,

477 2765 559 2805 Seu
578 2762 694 2804 navis
711 2762 913 2817 Hispanae
933 2764 1139 2819 magister,

531 2831 790 2872 Dedecorum
807 2830 1008 2885 pretiosus
1020 2840 1169 2873 emtor.

1645 1363 1701 1403 10

1639 1699 1694 1740 15

1631 2034 1688 2074 20

1625 2369 1682 2409 25

1618 2706 1675 2746 30
