1962 3268
0 2556 14 2609 ἕ

0 2610 15 2647 ᾗ,

0 2650 15 2703 Ξ

0 2703 10 2763 ᾗ

0 2776 12 2822 ἓ,

0 2828 9 2866 2

651 324 903 353 mmmmm
939 326 1029 354 ms.
1053 327 1126 354 111.
1152 314 1220 354 11.

342 425 509 475 Parcas,
530 437 606 466 nec
626 416 768 479 rigida*
781 425 944 466 mollior
963 425 1129 473 aesculo,

342 491 432 533 Nec
455 490 620 533 Mauris
640 490 824 532 animum
846 490 986 532 mitior
1005 493 1231 546 anguibus:

340 558 438 599 Non
458 557 537 599 hoc
557 571 717 612 semper
736 555 814 599 erit
834 557 990 599 liminis
1011 567 1083 600 aut
1103 574 1223 615 aquae

511 623 703 666 Caelestis
718 623 883 679 patiens
903 624 1026 666 latus.

662 885 791 926 ODE
825 886 918 927 XI.
979 886 1046 938 (M.
1078 889 1231 939 xvnt.)

747 1013 808 1038 Al)
843 1012 1138 1042 MERCURIUM.

335 1109 560 1151 Mssncum
585 1107 699 1159 (nam
723 1117 763 1152 te
783 1111 928 1153 docilis
949 1113 1146 1169 magistro

335 1175 480 1218 Movit
501 1175 719 1232 Amphion
739 1176 900 1234 lapides
920 1181 1126 1235 canendo)

315 1244 487 1304 ..Tuque
509 1243 702 1285 Testudo
722 1259 915 1288 resonare
931 1257 1090 1303 septem

504 1310 670 1353 Callida
690 1312 842 1362 nervis,

331 1377 422 1419 Nec
439 1371 590 1433 loquax
608 1377 706 1419 olim
729 1393 862 1434 neque
881 1389 1013 1435 grata,
1035 1396 1148 1426 nunc
1169 1392 1210 1426 et

330 1443 525 1487 Divitum
546 1445 698 1487 mensis
718 1454 761 1488 et
778 1447 910 1490 amica
931 1449 1113 1505 templis,

329 1511 414 1554 Dic
432 1511 592 1563 mod08‚
616 1513 739 1567 Lyde
757 1512 908 1568 quibus
928 1516 1154 1560 obstinatas

501 1579 698 1635 Applicet
719 1595 838 1623 aures
856 1598 865 1622 :

329 1647 451 1697 Quae,
473 1646 588 1688 velut
608 1647 704 1690 latis
723 1663 830 1704 equa
849 1649 972 1693 trima
992 1651 1163 1707 campis,

330 1713 466 1756 Ludit
483 1714 697 1766 exsultim,
718 1716 947 1773 metuitque
968 1720 1098 1775 tangi,

329 1781 583 1837 Nuptiarum
604 1796 764 1838 expers,
786 1793 828 1827 et
849 1786 987 1828 adhuc
1006 1796 1199 1843 protervo

501 1850 644 1893 Cruda
666 1852 827 1894 marito.

328 1919 403 1960 Tu
421 1926 539 1974 potes
560 1918 687 1974 tigres
706 1919 956 1977 comitesque
976 1923 1116 1977 sylvas

324 1986 507 2036 Ducere,
528 1993 571 2029 et
592 1985 703 2028 rivos
723 1987 875 2030 celeres
895 1990 1067 2032 morari:

326 2052 464 2096 Cessit
484 2053 675 2096 immanis
692 2054 768 2097 tibi
788 2055 1020 2099 blandienti

497 2121 528 2161 J
530 2120 667 2163 unitor
682 2122 790 2163 aulae

329 2188 562 2236 Cerberus;
594 2189 784 2243 quamvis
802 2189 951 2232 furiale
972 2200 1138 2235 centum

327 2253 528 2296 Muniant
547 2268 703 2309 angues
719 2263 845 2310 caput
865 2256 969 2312 ejus,
991 2267 1116 2315 atque

329 2318 511 2375 Spiritus
531 2326 637 2361 teter
656 2320 872 2376 saniesque
891 2332 1032 2366 manet

499 2388 587 2429 Ore
609 2387 811 2443 trilingui.

326 2454 438 2506 Quin
469 2463 511 2497 et
533 2454 672 2506 Ixion,
696 2455 931 2513 Tityosque
950 2460 1072 2502 vultu

324 2521 439 2564 Risit
457 2522 616 2565 invito:
650 2524 766 2567 stetit
784 2539 890 2567 urna
910 2527 1087 2581 paulum'

326 2588 459 2642 Sicca,
479 2590 578 2633 dum
599 2599 718 2647 grato
738 2592 877 2636 Danai
897 2595 1059 2650 puellas

476 2658 692 2709 ‚Carmine
713 2660 882 2703 mulces.
1087 2709 1090 2713 ,

326 2725 485 2768 Audiat
505 2726 628 2782 Lyde
649 2727 781 2770 scelus
802 2736 925 2785 atque
946 2739 1066 2774 notas
1129 2784 1133 2787 .

330 2784 548 2847 Virginum
568 2808 727 2849 poenas,
749 2804 790 2837 et
810 2796 932 2839 inane
954 2797 1140 2853 lymphae

1536 315 1620 360 149

1539 631 1618 671 -20

1556 1727 1610 1768 10

1546 2067 1602 2107 15

1544 2403 1602 2443 20

1544 2742 1599 2782 25
