1962 3268
380 314 438 354 58
808 325 848 354 Q.
880 324 1075 351 ΗοιιΑϊιι
1108 323 1273 351 FLAcc1

384 423 521 465 Tollis
540 423 594 465 ad
614 430 723 465 astra
740 422 855 465 levis.
917 423 962 465 Si
982 436 1182 479 nusquam
1205 437 1247 465 es
1265 422 1370 465 forte
1390 429 1559 467 vocatus

383 491 458 533 Ad
478 505 653 542 coenam,
673 490 817 533 laudas
839 505 1024 534 securum
1045 491 1158 534 olus:
1191 505 1254 542 ac,
1270 490 1385 533 velut
1403 504 1576 546 usquam

384 558 559 601 Vinctus
580 573 662 609 eas,
683 558 742 600 ita
762 566 802 600 te
821 558 982 601 felicem
1003 558 1121 610 dicis,
1143 573 1350 615 amasque,

386 626 508 677 Quod
527 640 728 681 nusquam
750 625 826 668 tibi
846 626 899 668 sit
918 626 1159 682 potandum.
1217 628 1247 667 J
1250 626 1397 668 usserit
1417 626 1469 668 ad
1490 640 1533 667 se

386 693 600 734 Maecenas
621 707 753 734 serum
777 693 852 734 sub
871 693 1028 735 lumina
1047 693 1180 749 prima
1195 694 1335 736 venire

387 760 617 802 Con'vivam
635 776 646 809 3
681 761 855 802 Nemon'
877 760 1011 802 oleum
1031 761 1110 803 fert
1130 761 1269 803 ocius?
1301 761 1440 817 ecquis

387 826 552 869 Audit?
587 841 680 868 cum
701 841 850 882 magno
870 828 1046 870 blateras
1066 829 1255 879 clamore,
1274 828 1469 884 furisque.

387 894 563 936 Milvius
583 902 624 935 et
645 908 795 935 scurrae
815 894 890 936 tibi
909 908 993 935 non
1013 894 1227 936 referenda
1246 894 1402 949 precati

388 961 635 1003 Discedunt.
694 961 864 1002 Etenim
885 961 1016 1003 fateor
1034 975 1115 1012 me,
1137 961 1286 1003 dixerit
1306 961 1392 1012 ille,

389 1027 502 1070 Duci
522 1036 664 1069 ventre
683 1027 815 1069 levem
833 1044 845 1077 ;
877 1042 1022 1070 nasum
1043 1029 1186 1071 nidore
1202 1028 1399 1084 supinor;

392 1095 648 1147 Imbecillus,
669 1095 792 1147 iners,
814 1095 950 1152 siquid
971 1095 1048 1147 vis,
1070 1096 1191 1148 adde,
1210 1096 1376 1151 popino.

393 1164 479 1214 Tu,
501 1177 595 1205 cum
616 1163 670 1205 sis
691 1164 802 1219 quod
822 1178 913 1218 ego,
935 1171 976 1206 et
995 1163 1177 1206 fortassis
1195 1163 1380 1219 nequior,
1401 1163 1511 1205 ultro

395 1231 618 1280 Insectere,
641 1231 755 1273 velut
776 1231 952 1273 melior?
975 1230 1192 1285 verbisque
1212 1230 1370 1272 decoris

394 1297 605 1340 Obvolvas
626 1297 805 1339 vitium?
835 1298 936 1354 quid
957 1298 991 1339 si
1012 1312 1076 1339 me
1097 1298 1259 1339 stultior
1279 1297 1368 1352 ipso

395 1364 642 1420 Quingentis
663 1373 772 1407 emto
792 1364 997 1407 drachmis
1016 1364 1313 1420 deprenderis?
1343 1365 1458 1407 aufer

395 1433 473 1474 Me
492 1433 612 1474 vultu
634 1440 809 1481 terrere3
841 1446 1006 1474 manum
1030 1431 1366 1487 stomachumque
1386 1441 1540 1483 teneto,

396 1500 527 1548 Dum,
549 1514 642 1555 quae
664 1499 848 1554 Crispini
869 1498 1011 1540 docuit
1030 1513 1096 1540 me
1108 1498 1279 1554 janitor,
1294 1500 1385 1541 edo.

398 1567 465 1609 Te
486 1567 637 1623 conjux
657 1567 790 1609 aliena
810 1566 935 1622 capit,
956 1565 1215 1608 meretricula
1235 1566 1424 1608 Davum:

399 1635 552 1677 Peccat
572 1643 665 1676 uter
684 1633 869 1677 nostrum
890 1648 1010 1675 eruce
1029 1632 1227 1687 dignius?
1249 1633 1353 1675 aeris
1372 1633 1445 1676 ubi
1466 1648 1532 1677 me

399 1703 560 1744 Natura
574 1702 773 1753 incendit,
795 1702 872 1743 sub
892 1701 1000 1743 clara
1019 1701 1132 1743 nuda
1151 1700 1318 1742 lucerna

400 1772 666 1825 Quaecunque
687 1770 852 1825 excepit
873 1769 1074 1824 turgentis
1095 1769 1261 1811 verbera
1281 1768 1424 1810 caudae

401 1836 619 1887 Clunibus,
641 1845 713 1879 aut
733 1836 905 1892 agitavit
925 1850 1073 1892 equum
1094 1836 1248 1878 lasciva
1268 1835 1476 1890 supinum,

400 1903 589 1945 Dimittit
607 1918 740 1958 neque
759 1903 976 1953 famosum,
996 1917 1129 1957 neque
1150 1902 1371 1952 solicitum,
1390 1917 1443 1944 ne

400 1971 555 2023 Ditior,
574 1978 645 2013 aut
665 1971 807 2011 formae
827 1969 1005 2011 melioris
1025 1970 1150 2011 meiat
1171 1970 1326 2011 eodem.

402 2040 489 2089 Tu,
511 2052 604 2080 cum
624 2037 815 2094 projectis
835 2036 1080 2092 insignibus,
1103 2036 1256 2078 annulo
1277 2035 1453 2092 equestri

401 2107 674 2160 Romanoque
693 2103 855 2154 habitu,
876 2103 1014 2158 prodis
1035 2118 1085 2144 ex
1096 2103 1240 2159 judice
1259 2104 1397 2146 Dama

404 2173 576 2229 Turpis,
594 2172 808 2214 odoratum
830 2179 954 2226 eaput
974 2171 1216 2212 obscurante
1235 2170 1412 2222 lacerna,

404 2241 503 2282 Non
523 2255 566 2281 es
586 2240 698 2295 quod
718 2239 885 2281 simulas
903 2241 919 2279 ?
951 2244 1136 2280 metuens
1156 2237 1377 2289 induceris,
1398 2245 1520 2293 atque

404 2308 648 2349 Altercante
667 2306 907 2348 libidinibus
928 2305 1067 2347 tremis
1088 2320 1178 2347 ossa
1197 2319 1361 2360 pavore.

406 2373 523 2422 Quid
544 2375 682 2426 refert,
704 2374 768 2415 uri
788 2374 932 2429 virgis,
953 2373 1139 2428 ferroque
1158 2372 1295 2414 necari

393 2443 653 2490 ,Auctoratus
674 2456 767 2490 eas3
801 2456 852 2482 an
875 2440 985 2495 turpi
1006 2440 1167 2482 clausus
1188 2439 1230 2480 in
1252 2453 1359 2489 arca,

407 2510 500 2559 Quo
522 2517 562 2549 te
584 2508 749 2550 demisit
768 2508 925 2563 peccati
946 2507 1107 2549 conscia
1127 2506 1268 2548 herilis

407 2577 691 2625 Contractum‚
713 2575 886 2629 genibus
907 2584 1052 2629 tangas
1073 2577 1227 2629 caput?
1286 2575 1419 2616 Estne
1439 2574 1586 2617 marito

376 2665 378 2668 ·
406 2643 613 2684 Matronae
633 2641 839 2696 peccantis
859 2640 901 2681 in
922 2641 1042 2681 ambo
1051 2641 1167 2696 justa
1185 2644 1398 2695 potestas?

409 2712 463 2752 In
484 2717 759 2764 corruptorem
782 2708 848 2749 vel
863 2708 1014 2762 justior
1032 2724 1040 2748 :
1074 2708 1147 2749 illa
1166 2718 1301 2750 tamen
1323 2725 1365 2751 se

410 2779 506 2820 Non
526 2777 675 2819 habitu
696 2784 878 2817 mutatve
900 2775 1003 2825 loco,
1024 2785 1217 2829 peccatve
1238 2790 1426 2830 superne,

1659 1500 1715 1540 45

1661 1837 1719 1877 50

1669 2506 1728 2549 60
