<?xml version="1.0" encoding="UTF-8"?>
<!DOCTYPE html PUBLIC "-//W3C//DTD XHTML 1.0 Transitional//EN"
    "http://www.w3.org/TR/xhtml1/DTD/xhtml1-transitional.dtd">
<html xmlns="http://www.w3.org/1999/xhtml" xml:lang="en" lang="en">
 <head>
  <title>
</title>
<meta http-equiv="Content-Type" content="text/html;charset=utf-8" />
  <meta name='ocr-system' content='tesseract 3.04.00' />
  <meta name='ocr-capabilities' content='ocr_page ocr_carea ocr_par ocr_line ocrx_word'/>
</head>
<body>
  <div class='ocr_page' id='page_1' title='image "./horatiusrestitut00horauoft_0266.png"; bbox 0 0 1962 3268; ppageno 0'>
   <div class='ocr_carea' id='block_1_1' title="bbox 367 302 1266 343">
    <p class='ocr_par' dir='ltr' id='par_1_1' title="bbox 367 302 1266 343">
     <span class='ocr_line' id='line_1_1' title="bbox 367 302 1266 343; baseline 0 -1"><span class='ocrx_word' id='word_1_1' title='bbox 367 302 426 342; x_wconf 75' lang='lat'><strong>34</strong></span> <span class='ocrx_word' id='word_1_2' title='bbox 801 314 841 343; x_wconf 72' lang='lat' dir='ltr'><strong>Q·</strong></span> <span class='ocrx_word' id='word_1_3' title='bbox 873 314 1067 340; x_wconf 75' lang='lat' dir='ltr'><strong>nonA&#39;ril</strong></span> <span class='ocrx_word' id='word_1_4' title='bbox 1104 313 1266 342; x_wconf 78' lang='lat' dir='ltr'>FLACCI</span> 
     </span>
    </p>
   </div>
   <div class='ocr_carea' id='block_1_2' title="bbox 370 423 1710 2016">
    <p class='ocr_par' dir='ltr' id='par_1_2' title="bbox 370 423 1697 682">
     <span class='ocr_line' id='line_1_2' title="bbox 370 423 1533 479; baseline 0.003 -16"><span class='ocrx_word' id='word_1_5' title='bbox 370 424 536 464; x_wconf 86' lang='lat' dir='ltr'>Primus</span> <span class='ocrx_word' id='word_1_6' title='bbox 555 423 598 464; x_wconf 91' lang='lat' dir='ltr'><strong>in</strong></span> <span class='ocrx_word' id='word_1_7' title='bbox 618 423 730 465; x_wconf 91' lang='lat' dir='ltr'><strong>hunc</strong></span> <span class='ocrx_word' id='word_1_8' title='bbox 750 424 883 479; x_wconf 88' lang='lat' dir='ltr'><strong>operis</strong></span> <span class='ocrx_word' id='word_1_9' title='bbox 904 438 1145 478; x_wconf 88' lang='lat' dir='ltr'><strong>componere</strong></span> <span class='ocrx_word' id='word_1_10' title='bbox 1165 425 1344 467; x_wconf 83' lang='lat' dir='ltr'><strong>carmina</strong></span> <span class='ocrx_word' id='word_1_11' title='bbox 1365 440 1533 476; x_wconf 79' lang='lat' dir='ltr'><strong>morem,</strong></span> 
     </span>
     <span class='ocr_line' id='line_1_3' title="bbox 371 490 1493 549; baseline 0.003 -17"><span class='ocrx_word' id='word_1_12' title='bbox 371 490 600 533; x_wconf 83' lang='lat' dir='ltr'><strong>Detrahere</strong></span> <span class='ocrx_word' id='word_1_13' title='bbox 616 499 661 533; x_wconf 79' lang='lat' dir='ltr'><strong>et</strong></span> <span class='ocrx_word' id='word_1_14' title='bbox 676 491 842 546; x_wconf 90' lang='lat' dir='ltr'><strong>pellem,</strong></span> <span class='ocrx_word' id='word_1_15' title='bbox 865 491 1021 532; x_wconf 88' lang='lat' dir='ltr'><strong>nitidus</strong></span> <span class='ocrx_word' id='word_1_16' title='bbox 1042 506 1124 547; x_wconf 86' lang='lat' dir='ltr'><strong>qua</strong></span> <span class='ocrx_word' id='word_1_17' title='bbox 1139 492 1311 548; x_wconf 91' lang='lat' dir='ltr'><strong>quisque</strong></span> <span class='ocrx_word' id='word_1_18' title='bbox 1330 508 1403 549; x_wconf 90' lang='lat' dir='ltr'><strong>per</strong></span> <span class='ocrx_word' id='word_1_19' title='bbox 1424 509 1493 535; x_wconf 87' lang='lat' dir='ltr'><strong>ora</strong></span> 
     </span>
     <span class='ocr_line' id='line_1_4' title="bbox 373 558 1697 616; baseline 0.002 -18"><span class='ocrx_word' id='word_1_20' title='bbox 373 558 564 608; x_wconf 86' lang='lat' dir='ltr'><strong>Cederet,</strong></span> <span class='ocrx_word' id='word_1_21' title='bbox 587 558 808 600; x_wconf 88' lang='lat' dir='ltr'><strong>introrsum</strong></span> <span class='ocrx_word' id='word_1_22' title='bbox 830 559 988 614; x_wconf 88' lang='lat' dir='ltr'><strong>turpis;</strong></span> <span class='ocrx_word' id='word_1_23' title='bbox 1021 574 1119 600; x_wconf 89' lang='lat' dir='ltr'><strong>num</strong></span> <span class='ocrx_word' id='word_1_24' title='bbox 1138 560 1313 609; x_wconf 86' lang='lat' dir='ltr'><strong>Laelius,</strong></span> <span class='ocrx_word' id='word_1_25' title='bbox 1334 569 1375 602; x_wconf 92' lang='lat' dir='ltr'><strong>et</strong></span> <span class='ocrx_word' id='word_1_26' title='bbox 1394 561 1464 616; x_wconf 90' lang='lat' dir='ltr'><strong>qui</strong></span> <span class='ocrx_word' id='word_1_27' title='bbox 1637 558 1697 601; x_wconf 84' lang='lat'><strong>65</strong></span> 
     </span>
     <span class='ocr_line' id='line_1_5' title="bbox 374 625 1467 682; baseline 0.005 -17"><span class='ocrx_word' id='word_1_28' title='bbox 374 625 510 666; x_wconf 84' lang='lat' dir='ltr'>Duxit</span> <span class='ocrx_word' id='word_1_29' title='bbox 530 626 581 666; x_wconf 90' lang='lat' dir='ltr'><strong>ab</strong></span> <span class='ocrx_word' id='word_1_30' title='bbox 603 640 799 681; x_wconf 89' lang='lat' dir='ltr'><strong>oppressa</strong></span> <span class='ocrx_word' id='word_1_31' title='bbox 818 626 1009 668; x_wconf 90' lang='lat' dir='ltr'><strong>meritum</strong></span> <span class='ocrx_word' id='word_1_32' title='bbox 1029 626 1282 682; x_wconf 85' lang='lat' dir='ltr'><strong>Carthagine</strong></span> <span class='ocrx_word' id='word_1_33' title='bbox 1302 643 1467 678; x_wconf 88' lang='lat' dir='ltr'><strong>nomen,</strong></span> 
     </span>
    </p>

    <p class='ocr_par' dir='ltr' id='par_1_3' title="bbox 375 691 1380 747">
     <span class='ocr_line' id='line_1_6' title="bbox 375 691 1380 747; baseline 0.006 -16"><span class='ocrx_word' id='word_1_34' title='bbox 375 691 551 746; x_wconf 88' lang='lat' dir='ltr'><strong>Ingenio</strong></span> <span class='ocrx_word' id='word_1_35' title='bbox 572 691 716 734; x_wconf 81' lang='lat' dir='ltr'><strong>offensi</strong></span> <span class='ocrx_word' id='word_1_36' title='bbox 733 695 750 734; x_wconf 79' lang='grc' dir='ltr'><em>Ρ</em></span> <span class='ocrx_word' id='word_1_37' title='bbox 783 701 854 735; x_wconf 84' lang='lat' dir='ltr'><strong>aut</strong></span> <span class='ocrx_word' id='word_1_38' title='bbox 883 694 981 735; x_wconf 85' lang='lat' dir='ltr'><strong>laeso</strong></span> <span class='ocrx_word' id='word_1_39' title='bbox 1001 695 1167 736; x_wconf 87' lang='lat' dir='ltr'><strong>doluere</strong></span> <span class='ocrx_word' id='word_1_40' title='bbox 1189 696 1380 747; x_wconf 89' lang='lat' dir='ltr'><strong>Metello,</strong></span> 
     </span>
    </p>

    <p class='ocr_par' dir='ltr' id='par_1_4' title="bbox 375 759 1394 819">
     <span class='ocr_line' id='line_1_7' title="bbox 375 759 1394 819; baseline 0.005 -20"><span class='ocrx_word' id='word_1_41' title='bbox 375 759 642 815; x_wconf 87' lang='lat' dir='ltr'><strong>Famosisque</strong></span> <span class='ocrx_word' id='word_1_42' title='bbox 664 760 788 815; x_wconf 90' lang='lat' dir='ltr'><strong>Lupo</strong></span> <span class='ocrx_word' id='word_1_43' title='bbox 809 769 999 815; x_wconf 88' lang='lat' dir='ltr'><strong>cooperto</strong></span> <span class='ocrx_word' id='word_1_44' title='bbox 1020 762 1235 803; x_wconf 84' lang='lat' dir='ltr'><strong>versibus?</strong></span> <span class='ocrx_word' id='word_1_45' title='bbox 1266 763 1394 819; x_wconf 90' lang='lat' dir='ltr'><strong>Atqui</strong></span> 
     </span>
    </p>

    <p class='ocr_par' dir='ltr' id='par_1_5' title="bbox 377 826 1493 884">
     <span class='ocr_line' id='line_1_8' title="bbox 377 826 1493 884; baseline 0.004 -17"><span class='ocrx_word' id='word_1_46' title='bbox 377 826 584 867; x_wconf 83' lang='lat' dir='ltr'><strong>Primores</strong></span> <span class='ocrx_word' id='word_1_47' title='bbox 604 827 748 882; x_wconf 91' lang='lat' dir='ltr'><strong>populi</strong></span> <span class='ocrx_word' id='word_1_48' title='bbox 769 827 956 882; x_wconf 81' lang='lat' dir='ltr'><strong>arripuit,</strong></span> <span class='ocrx_word' id='word_1_49' title='bbox 976 828 1256 884; x_wconf 88' lang='lat' dir='ltr'><strong>populumque</strong></span> <span class='ocrx_word' id='word_1_50' title='bbox 1278 830 1462 872; x_wconf 91' lang='lat' dir='ltr'><strong>tributim</strong></span> <span class='ocrx_word' id='word_1_51' title='bbox 1479 848 1493 879; x_wconf 83' lang='lat'>;</span> 
     </span>
    </p>

    <p class='ocr_par' dir='ltr' id='par_1_6' title="bbox 376 887 1706 1016">
     <span class='ocr_line' id='line_1_9' title="bbox 376 887 1706 951; baseline 0.003 -17"><span class='ocrx_word' id='word_1_52' title='bbox 376 893 541 935; x_wconf 87' lang='lat' dir='ltr'><strong>Scilicet</strong></span> <span class='ocrx_word' id='word_1_53' title='bbox 561 895 634 935; x_wconf 91' lang='lat' dir='ltr'><strong>uni</strong></span> <span class='ocrx_word' id='word_1_54' title='bbox 655 909 796 949; x_wconf 84' lang='lat' dir='ltr'><strong>aequus</strong></span> <span class='ocrx_word' id='word_1_55' title='bbox 819 895 979 945; x_wconf 87' lang='lat' dir='ltr'><strong>virtuti,</strong></span> <span class='ocrx_word' id='word_1_56' title='bbox 1000 904 1122 950; x_wconf 90' lang='lat' dir='ltr'><strong>atque</strong></span> <span class='ocrx_word' id='word_1_57' title='bbox 1143 895 1232 951; x_wconf 83' lang='lat' dir='ltr'><strong>ejus</strong></span> <span class='ocrx_word' id='word_1_58' title='bbox 1254 896 1408 938; x_wconf 87' lang='lat' dir='ltr'><strong>amicis.</strong></span> <span class='ocrx_word' id='word_1_59' title='bbox 1638 887 1706 951; x_wconf 24' lang='lat'><strong>7⁰⁴</strong></span> 
     </span>
     <span class='ocr_line' id='line_1_10' title="bbox 377 960 1497 1016; baseline 0.003 -15"><span class='ocrx_word' id='word_1_60' title='bbox 377 961 486 1011; x_wconf 81' lang='lat' dir='ltr'><strong>Quin</strong></span> <span class='ocrx_word' id='word_1_61' title='bbox 507 960 579 1002; x_wconf 94' lang='lat' dir='ltr'><strong>ubi</strong></span> <span class='ocrx_word' id='word_1_62' title='bbox 600 976 643 1002; x_wconf 90' lang='lat' dir='ltr'><strong>se</strong></span> <span class='ocrx_word' id='word_1_63' title='bbox 663 976 687 1002; x_wconf 89' lang='lat' dir='ltr'><strong>a</strong></span> <span class='ocrx_word' id='word_1_64' title='bbox 707 961 832 1016; x_wconf 86' lang='lat' dir='ltr'><strong>vulgo</strong></span> <span class='ocrx_word' id='word_1_65' title='bbox 853 971 894 1002; x_wconf 87' lang='lat' dir='ltr'><strong>et</strong></span> <span class='ocrx_word' id='word_1_66' title='bbox 915 976 1035 1003; x_wconf 87' lang='lat' dir='ltr'><strong>scena</strong></span> <span class='ocrx_word' id='word_1_67' title='bbox 1054 962 1097 1002; x_wconf 88' lang='lat' dir='ltr'><strong>in</strong></span> <span class='ocrx_word' id='word_1_68' title='bbox 1119 970 1273 1004; x_wconf 81' lang='lat' dir='ltr'><strong>secreta</strong></span> <span class='ocrx_word' id='word_1_69' title='bbox 1291 964 1497 1005; x_wconf 73' lang='lat' dir='ltr'><strong>remorant</strong></span> 
     </span>
    </p>

    <p class='ocr_par' dir='ltr' id='par_1_7' title="bbox 377 1027 1323 1083">
     <span class='ocr_line' id='line_1_11' title="bbox 377 1027 1323 1083; baseline 0.002 -15"><span class='ocrx_word' id='word_1_70' title='bbox 377 1027 519 1068; x_wconf 87' lang='lat' dir='ltr'><strong>Virtus</strong></span> <span class='ocrx_word' id='word_1_71' title='bbox 543 1027 748 1081; x_wconf 80' lang='lat' dir='ltr'><strong>Scipiadae</strong></span> <span class='ocrx_word' id='word_1_72' title='bbox 768 1035 810 1068; x_wconf 89' lang='lat' dir='ltr'><strong>et</strong></span> <span class='ocrx_word' id='word_1_73' title='bbox 831 1027 943 1068; x_wconf 89' lang='lat' dir='ltr'><strong>mitis</strong></span> <span class='ocrx_word' id='word_1_74' title='bbox 965 1027 1166 1083; x_wconf 82' lang='lat' dir='ltr'><strong>sapientia</strong></span> <span class='ocrx_word' id='word_1_75' title='bbox 1188 1029 1323 1077; x_wconf 71' lang='lat' dir='ltr'><strong>Laeli;</strong></span> 
     </span>
    </p>

    <p class='ocr_par' dir='ltr' id='par_1_8' title="bbox 380 1094 1701 1354">
     <span class='ocr_line' id='line_1_12' title="bbox 381 1094 1372 1149; baseline 0.004 -14"><span class='ocrx_word' id='word_1_76' title='bbox 381 1094 542 1149; x_wconf 86' lang='lat' dir='ltr'><strong>Nugari</strong></span> <span class='ocrx_word' id='word_1_77' title='bbox 564 1109 657 1136; x_wconf 91' lang='lat' dir='ltr'><strong>cum</strong></span> <span class='ocrx_word' id='word_1_78' title='bbox 678 1094 766 1145; x_wconf 87' lang='lat' dir='ltr'><strong>illo,</strong></span> <span class='ocrx_word' id='word_1_79' title='bbox 789 1103 829 1136; x_wconf 92' lang='lat' dir='ltr'><strong>et</strong></span> <span class='ocrx_word' id='word_1_80' title='bbox 852 1095 1042 1137; x_wconf 87' lang='lat' dir='ltr'><strong>discincti</strong></span> <span class='ocrx_word' id='word_1_81' title='bbox 1062 1095 1219 1147; x_wconf 79' lang='lat' dir='ltr'><strong>ludere,</strong></span> <span class='ocrx_word' id='word_1_82' title='bbox 1242 1097 1372 1139; x_wconf 91' lang='lat' dir='ltr'><strong>donec</strong></span> 
     </span>
     <span class='ocr_line' id='line_1_13' title="bbox 380 1162 1675 1220; baseline 0.002 -17"><span class='ocrx_word' id='word_1_83' title='bbox 380 1163 690 1218; x_wconf 90' lang='lat' dir='ltr'><strong>Decoqueretur</strong></span> <span class='ocrx_word' id='word_1_84' title='bbox 711 1163 815 1214; x_wconf 89' lang='lat' dir='ltr'><strong>olus,</strong></span> <span class='ocrx_word' id='word_1_85' title='bbox 838 1163 961 1204; x_wconf 89' lang='lat' dir='ltr'><strong>soliti.</strong></span> <span class='ocrx_word' id='word_1_86' title='bbox 1022 1162 1231 1218; x_wconf 80' lang='lat' dir='ltr'><strong>Quicquid</strong></span> <span class='ocrx_word' id='word_1_87' title='bbox 1252 1178 1340 1205; x_wconf 90' lang='lat' dir='ltr'><strong>sum</strong></span> <span class='ocrx_word' id='word_1_88' title='bbox 1372 1179 1463 1219; x_wconf 87' lang='lat' dir='ltr'><strong>ego,</strong></span> <span class='ocrx_word' id='word_1_89' title='bbox 1485 1165 1675 1220; x_wconf 83' lang='lat' dir='ltr'><strong>quamvis</strong></span> 
     </span>
     <span class='ocr_line' id='line_1_14' title="bbox 383 1230 1701 1286; baseline 0.004 -16"><span class='ocrx_word' id='word_1_90' title='bbox 383 1230 500 1271; x_wconf 84' lang='lat' dir='ltr'><strong>Infra</strong></span> <span class='ocrx_word' id='word_1_91' title='bbox 522 1231 661 1272; x_wconf 77' lang='lat' dir='ltr'><strong>Lucili</strong></span> <span class='ocrx_word' id='word_1_92' title='bbox 681 1245 848 1272; x_wconf 89' lang='lat' dir='ltr'><strong>censum</strong></span> <span class='ocrx_word' id='word_1_93' title='bbox 864 1230 1172 1285; x_wconf 87' lang='lat' dir='ltr'><strong>ingeniumque,</strong></span> <span class='ocrx_word' id='word_1_94' title='bbox 1194 1239 1331 1272; x_wconf 88' lang='lat' dir='ltr'><strong>tamen</strong></span> <span class='ocrx_word' id='word_1_95' title='bbox 1353 1246 1418 1273; x_wconf 91' lang='lat' dir='ltr'><strong>me</strong></span> <span class='ocrx_word' id='word_1_96' title='bbox 1639 1231 1701 1286; x_wconf 84' lang='lat'><strong>75</strong></span> 
     </span>
     <span class='ocr_line' id='line_1_15' title="bbox 384 1297 1360 1354; baseline 0 -14"><span class='ocrx_word' id='word_1_97' title='bbox 384 1300 489 1340; x_wconf 90' lang='lat' dir='ltr'><strong>Cum</strong></span> <span class='ocrx_word' id='word_1_98' title='bbox 513 1298 672 1354; x_wconf 86' lang='lat' dir='ltr'><strong>magnis</strong></span> <span class='ocrx_word' id='word_1_99' title='bbox 694 1297 844 1339; x_wconf 87' lang='lat' dir='ltr'><strong>vixisse</strong></span> <span class='ocrx_word' id='word_1_100' title='bbox 864 1298 995 1340; x_wconf 88' lang='lat' dir='ltr'><strong>invita</strong></span> <span class='ocrx_word' id='word_1_101' title='bbox 1015 1298 1212 1339; x_wconf 87' lang='lat' dir='ltr'><strong>fatebitur</strong></span> <span class='ocrx_word' id='word_1_102' title='bbox 1233 1313 1360 1354; x_wconf 86' lang='lat' dir='ltr'><strong>usque</strong></span> 
     </span>
    </p>

    <p class='ocr_par' dir='ltr' id='par_1_9' title="bbox 385 1365 1374 1421">
     <span class='ocr_line' id='line_1_16' title="bbox 385 1365 1374 1421; baseline 0.001 -15"><span class='ocrx_word' id='word_1_103' title='bbox 385 1365 565 1416; x_wconf 83' lang='lat' dir='ltr'><strong>Invidia,</strong></span> <span class='ocrx_word' id='word_1_104' title='bbox 588 1373 629 1406; x_wconf 89' lang='lat' dir='ltr'><strong>et</strong></span> <span class='ocrx_word' id='word_1_105' title='bbox 647 1365 787 1420; x_wconf 86' lang='lat' dir='ltr'><strong>fragili</strong></span> <span class='ocrx_word' id='word_1_106' title='bbox 807 1380 994 1421; x_wconf 89' lang='lat' dir='ltr'><strong>quaerens</strong></span> <span class='ocrx_word' id='word_1_107' title='bbox 1014 1365 1174 1406; x_wconf 90' lang='lat' dir='ltr'><strong>illidere</strong></span> <span class='ocrx_word' id='word_1_108' title='bbox 1193 1366 1374 1416; x_wconf 83' lang='lat' dir='ltr'><strong>dentem,</strong></span> 
     </span>
    </p>

    <p class='ocr_par' dir='ltr' id='par_1_10' title="bbox 385 1432 1457 1488">
     <span class='ocr_line' id='line_1_17' title="bbox 385 1432 1457 1488; baseline 0.002 -15"><span class='ocrx_word' id='word_1_109' title='bbox 385 1432 580 1474; x_wconf 87' lang='lat' dir='ltr'><strong>Offendet</strong></span> <span class='ocrx_word' id='word_1_110' title='bbox 602 1432 747 1474; x_wconf 85' lang='lat' dir='ltr'><strong>solido.</strong></span> <span class='ocrx_word' id='word_1_111' title='bbox 807 1433 902 1473; x_wconf 89' lang='lat' dir='ltr'><strong>Nisi</strong></span> <span class='ocrx_word' id='word_1_112' title='bbox 922 1432 1022 1488; x_wconf 92' lang='lat' dir='ltr'><strong>quid</strong></span> <span class='ocrx_word' id='word_1_113' title='bbox 1044 1441 1104 1482; x_wconf 88' lang='lat' dir='ltr'><strong>tu,</strong></span> <span class='ocrx_word' id='word_1_114' title='bbox 1126 1433 1246 1474; x_wconf 89' lang='lat' dir='ltr'><strong>docte</strong></span> <span class='ocrx_word' id='word_1_115' title='bbox 1268 1434 1457 1484; x_wconf 80' lang='lat' dir='ltr'><strong>Trebati,</strong></span> 
     </span>
    </p>

    <p class='ocr_par' dir='ltr' id='par_1_11' title="bbox 387 1499 1589 1556">
     <span class='ocr_line' id='line_1_18' title="bbox 387 1499 1589 1556; baseline 0.002 -16"><span class='ocrx_word' id='word_1_116' title='bbox 387 1499 609 1540; x_wconf 87' lang='lat' dir='ltr'><strong>Dissentis.</strong></span> <span class='ocrx_word' id='word_1_117' title='bbox 673 1500 709 1546; x_wconf 66' lang='grc' dir='ltr'>Ἣ</span> <span class='ocrx_word' id='word_1_118' title='bbox 728 1499 935 1554; x_wconf 89' lang='lat' dir='ltr'><strong>Equidem</strong></span> <span class='ocrx_word' id='word_1_119' title='bbox 957 1499 1064 1540; x_wconf 85' lang='lat' dir='ltr'><strong>nihil</strong></span> <span class='ocrx_word' id='word_1_120' title='bbox 1083 1499 1152 1541; x_wconf 89' lang='lat' dir='ltr'><strong>hic</strong></span> <span class='ocrx_word' id='word_1_121' title='bbox 1174 1499 1388 1554; x_wconf 87' lang='lat' dir='ltr'><strong>diffingere</strong></span> <span class='ocrx_word' id='word_1_122' title='bbox 1408 1515 1589 1556; x_wconf 88' lang='lat' dir='ltr'><strong>possum.</strong></span> 
     </span>
    </p>

    <p class='ocr_par' dir='ltr' id='par_1_12' title="bbox 387 1565 1710 1689">
     <span class='ocr_line' id='line_1_19' title="bbox 387 1565 1710 1623; baseline 0.002 -15"><span class='ocrx_word' id='word_1_123' title='bbox 387 1567 468 1608; x_wconf 87' lang='lat' dir='ltr'><strong>Sed</strong></span> <span class='ocrx_word' id='word_1_124' title='bbox 492 1575 629 1608; x_wconf 86' lang='lat' dir='ltr'><strong>tamen</strong></span> <span class='ocrx_word' id='word_1_125' title='bbox 650 1574 697 1608; x_wconf 91' lang='lat' dir='ltr'><strong>ut</strong></span> <span class='ocrx_word' id='word_1_126' title='bbox 717 1566 896 1608; x_wconf 89' lang='lat' dir='ltr'><strong>monitus</strong></span> <span class='ocrx_word' id='word_1_127' title='bbox 918 1581 1060 1608; x_wconf 87' lang='lat' dir='ltr'><strong>caveas</strong></span> <span class='ocrx_word' id='word_1_128' title='bbox 1084 1565 1155 1617; x_wconf 83' lang='lat' dir='ltr'><strong>(nc</strong></span> <span class='ocrx_word' id='word_1_129' title='bbox 1174 1567 1279 1608; x_wconf 87' lang='lat' dir='ltr'><strong>forte</strong></span> <span class='ocrx_word' id='word_1_130' title='bbox 1297 1569 1438 1623; x_wconf 78' lang='lat' dir='ltr'><strong>negoti</strong></span> <span class='ocrx_word' id='word_1_131' title='bbox 1649 1571 1710 1611; x_wconf 79' lang='lat'><strong>80</strong></span> 
     </span>
     <span class='ocr_line' id='line_1_20' title="bbox 388 1633 1408 1689; baseline 0 -13"><span class='ocrx_word' id='word_1_132' title='bbox 388 1633 571 1676; x_wconf 83' lang='lat' dir='ltr'><strong>Incutiat</strong></span> <span class='ocrx_word' id='word_1_133' title='bbox 593 1633 668 1674; x_wconf 87' lang='lat' dir='ltr'><strong>tibi</strong></span> <span class='ocrx_word' id='word_1_134' title='bbox 697 1633 797 1689; x_wconf 91' lang='lat' dir='ltr'><strong>quid</strong></span> <span class='ocrx_word' id='word_1_135' title='bbox 819 1641 1050 1675; x_wconf 84' lang='lat' dir='ltr'><strong>sanctarum</strong></span> <span class='ocrx_word' id='word_1_136' title='bbox 1072 1634 1234 1676; x_wconf 85' lang='lat' dir='ltr'><strong>inscitia</strong></span> <span class='ocrx_word' id='word_1_137' title='bbox 1254 1635 1408 1688; x_wconf 88' lang='lat' dir='ltr'><strong>legum)</strong></span> 
     </span>
    </p>

    <p class='ocr_par' dir='ltr' id='par_1_13' title="bbox 391 1701 1536 1758">
     <span class='ocr_line' id='line_1_21' title="bbox 391 1701 1536 1758; baseline 0.003 -17"><span class='ocrx_word' id='word_1_138' title='bbox 391 1701 435 1742; x_wconf 88' lang='lat' dir='ltr'><strong>Si</strong></span> <span class='ocrx_word' id='word_1_139' title='bbox 457 1701 566 1742; x_wconf 89' lang='lat' dir='ltr'><strong>mala</strong></span> <span class='ocrx_word' id='word_1_140' title='bbox 587 1701 820 1742; x_wconf 91' lang='lat' dir='ltr'><strong>condiderit</strong></span> <span class='ocrx_word' id='word_1_141' title='bbox 836 1701 880 1741; x_wconf 91' lang='lat' dir='ltr'><strong>in</strong></span> <span class='ocrx_word' id='word_1_142' title='bbox 900 1715 1019 1755; x_wconf 90' lang='lat' dir='ltr'><strong>quem</strong></span> <span class='ocrx_word' id='word_1_143' title='bbox 1042 1701 1132 1756; x_wconf 89' lang='lat' dir='ltr'><strong>quis</strong></span> <span class='ocrx_word' id='word_1_144' title='bbox 1162 1701 1357 1753; x_wconf 89' lang='lat' dir='ltr'><strong>carmina,</strong></span> <span class='ocrx_word' id='word_1_145' title='bbox 1374 1703 1445 1758; x_wconf 86' lang='lat' dir='ltr'><strong>jus</strong></span> <span class='ocrx_word' id='word_1_146' title='bbox 1475 1711 1536 1745; x_wconf 89' lang='lat' dir='ltr'><strong>est</strong></span> 
     </span>
    </p>

    <p class='ocr_par' dir='ltr' id='par_1_14' title="bbox 389 1768 1620 1826">
     <span class='ocr_line' id='line_1_22' title="bbox 389 1768 1620 1826; baseline 0.002 -17"><span class='ocrx_word' id='word_1_147' title='bbox 389 1769 419 1809; x_wconf 86' lang='lat' dir='ltr'><strong>J</strong></span> <span class='ocrx_word' id='word_1_148' title='bbox 422 1768 698 1824; x_wconf 90' lang='lat' dir='ltr'><strong>udiciumque.</strong></span> <span class='ocrx_word' id='word_1_149' title='bbox 739 1784 742 1788; x_wconf 93' lang='lat'>·</span> <span class='ocrx_word' id='word_1_150' title='bbox 761 1769 797 1815; x_wconf 64' lang='grc' dir='ltr'><strong>ἹῙ</strong></span> <span class='ocrx_word' id='word_1_151' title='bbox 817 1770 937 1818; x_wconf 89' lang='lat' dir='ltr'><strong>Esto,</strong></span> <span class='ocrx_word' id='word_1_152' title='bbox 961 1769 1087 1825; x_wconf 91' lang='lat' dir='ltr'><strong>siquis</strong></span> <span class='ocrx_word' id='word_1_153' title='bbox 1108 1770 1240 1818; x_wconf 87' lang='lat' dir='ltr'><strong>mala;</strong></span> <span class='ocrx_word' id='word_1_154' title='bbox 1275 1770 1346 1811; x_wconf 90' lang='lat' dir='ltr'><strong>sed</strong></span> <span class='ocrx_word' id='word_1_155' title='bbox 1366 1771 1471 1812; x_wconf 86' lang='lat' dir='ltr'><strong>bona</strong></span> <span class='ocrx_word' id='word_1_156' title='bbox 1492 1771 1620 1826; x_wconf 86' lang='lat' dir='ltr'><strong>siquis</strong></span> 
     </span>
    </p>

    <p class='ocr_par' dir='ltr' id='par_1_15' title="bbox 391 1835 1351 1892">
     <span class='ocr_line' id='line_1_23' title="bbox 391 1835 1351 1892; baseline 0.001 -15"><span class='ocrx_word' id='word_1_157' title='bbox 391 1837 420 1877; x_wconf 89' lang='lat' dir='ltr'><strong>J</strong></span> <span class='ocrx_word' id='word_1_158' title='bbox 424 1835 543 1877; x_wconf 88' lang='lat' dir='ltr'><strong>udice</strong></span> <span class='ocrx_word' id='word_1_159' title='bbox 564 1835 792 1877; x_wconf 89' lang='lat' dir='ltr'><strong>condiderit</strong></span> <span class='ocrx_word' id='word_1_160' title='bbox 810 1836 1000 1877; x_wconf 82' lang='lat' dir='ltr'><strong>laudatus</strong></span> <span class='ocrx_word' id='word_1_161' title='bbox 1023 1837 1202 1887; x_wconf 77' lang='lat' dir='ltr'><strong>Caesare,</strong></span> <span class='ocrx_word' id='word_1_162' title='bbox 1225 1836 1351 1892; x_wconf 91' lang='lat' dir='ltr'><strong>siquis</strong></span> 
     </span>
    </p>

    <p class='ocr_par' dir='ltr' id='par_1_16' title="bbox 391 1902 1709 2016">
     <span class='ocr_line' id='line_1_24' title="bbox 391 1902 1709 1958; baseline 0.002 -14"><span class='ocrx_word' id='word_1_163' title='bbox 391 1902 633 1957; x_wconf 87' lang='lat' dir='ltr'><strong>Opprobriis</strong></span> <span class='ocrx_word' id='word_1_164' title='bbox 653 1902 824 1957; x_wconf 86' lang='lat' dir='ltr'><strong>dignum</strong></span> <span class='ocrx_word' id='word_1_165' title='bbox 845 1903 1070 1954; x_wconf 87' lang='lat' dir='ltr'><strong>latraverit,</strong></span> <span class='ocrx_word' id='word_1_166' title='bbox 1090 1904 1250 1958; x_wconf 87' lang='lat' dir='ltr'><strong>integer</strong></span> <span class='ocrx_word' id='word_1_167' title='bbox 1269 1904 1357 1958; x_wconf 92' lang='lat' dir='ltr'><strong>ipse</strong></span> <span class='ocrx_word' id='word_1_168' title='bbox 1373 1906 1390 1944; x_wconf 89' lang='lat'>?</span> <span class='ocrx_word' id='word_1_169' title='bbox 1650 1906 1709 1946; x_wconf 85' lang='lat'><strong>85</strong></span> 
     </span>
     <span class='ocr_line' id='line_1_25' title="bbox 394 1969 1388 2016; baseline 0.003 -8"><span class='ocrx_word' id='word_1_170' title='bbox 394 1970 430 2016; x_wconf 65' lang='grc' dir='ltr'><em>Ἥ</em></span> <span class='ocrx_word' id='word_1_171' title='bbox 450 1969 670 2010; x_wconf 87' lang='lat' dir='ltr'><strong>Solventur</strong></span> <span class='ocrx_word' id='word_1_172' title='bbox 687 1970 772 2009; x_wconf 89' lang='lat' dir='ltr'><strong>risu</strong></span> <span class='ocrx_word' id='word_1_173' title='bbox 789 1970 965 2016; x_wconf 73' lang='lat' dir='ltr'><strong>tabulae3</strong></span> <span class='ocrx_word' id='word_1_174' title='bbox 1000 1979 1045 2011; x_wconf 92' lang='lat' dir='ltr'><strong>tu</strong></span> <span class='ocrx_word' id='word_1_175' title='bbox 1067 1970 1214 2011; x_wconf 88' lang='lat' dir='ltr'><strong>missus</strong></span> <span class='ocrx_word' id='word_1_176' title='bbox 1244 1970 1388 2011; x_wconf 84' lang='lat' dir='ltr'><strong>abibis.</strong></span> 
     </span>
    </p>
   </div>
   <div class='ocr_carea' id='block_1_3' title="bbox 886 2226 1226 2265">
    <p class='ocr_par' dir='ltr' id='par_1_17' title="bbox 886 2226 1226 2265">
     <span class='ocr_line' id='line_1_26' title="bbox 886 2226 1226 2265; baseline 0 0"><span class='ocrx_word' id='word_1_177' title='bbox 886 2226 1125 2265; x_wconf 76' lang='lat' dir='ltr'>SATIRA</span> <span class='ocrx_word' id='word_1_178' title='bbox 1161 2226 1226 2265; x_wconf 92' lang='lat'><strong>11.</strong></span> 
     </span>
    </p>
   </div>
   <div class='ocr_carea' id='block_1_4' title="bbox 375 2347 1597 2605">
    <p class='ocr_par' dir='ltr' id='par_1_18' title="bbox 401 2347 1410 2404">
     <span class='ocr_line' id='line_1_27' title="bbox 401 2347 1410 2404; baseline 0.002 -15"><span class='ocrx_word' id='word_1_179' title='bbox 401 2350 503 2398; x_wconf 61' lang='lat' dir='ltr'><strong>Qua:</strong></span> <span class='ocrx_word' id='word_1_180' title='bbox 526 2347 655 2401; x_wconf 84' lang='lat' dir='ltr'><strong>virtus</strong></span> <span class='ocrx_word' id='word_1_181' title='bbox 671 2356 711 2388; x_wconf 89' lang='lat' dir='ltr'><strong>et</strong></span> <span class='ocrx_word' id='word_1_182' title='bbox 732 2356 898 2402; x_wconf 88' lang='lat' dir='ltr'><strong>quanta,</strong></span> <span class='ocrx_word' id='word_1_183' title='bbox 920 2348 1031 2398; x_wconf 90' lang='lat' dir='ltr'><strong>boni,</strong></span> <span class='ocrx_word' id='word_1_184' title='bbox 1053 2348 1105 2389; x_wconf 91' lang='lat' dir='ltr'><strong>sit</strong></span> <span class='ocrx_word' id='word_1_185' title='bbox 1127 2350 1263 2391; x_wconf 88' lang='lat' dir='ltr'><strong>vivere</strong></span> <span class='ocrx_word' id='word_1_186' title='bbox 1284 2364 1410 2404; x_wconf 87' lang='lat' dir='ltr'><strong>parvo</strong></span> 
     </span>
    </p>

    <p class='ocr_par' dir='ltr' id='par_1_19' title="bbox 375 2414 1597 2538">
     <span class='ocr_line' id='line_1_28' title="bbox 403 2414 1597 2472; baseline 0.003 -17"><span class='ocrx_word' id='word_1_187' title='bbox 403 2414 513 2463; x_wconf 89' lang='lat' dir='ltr'><strong>(Nec</strong></span> <span class='ocrx_word' id='word_1_188' title='bbox 534 2429 647 2455; x_wconf 85' lang='lat' dir='ltr'><strong>meus</strong></span> <span class='ocrx_word' id='word_1_189' title='bbox 666 2415 734 2456; x_wconf 92' lang='lat' dir='ltr'><strong>hic</strong></span> <span class='ocrx_word' id='word_1_190' title='bbox 755 2429 885 2456; x_wconf 89' lang='lat' dir='ltr'><strong>sermo</strong></span> <span class='ocrx_word' id='word_1_191' title='bbox 907 2424 980 2465; x_wconf 90' lang='lat' dir='ltr'><strong>est,</strong></span> <span class='ocrx_word' id='word_1_192' title='bbox 1000 2417 1071 2457; x_wconf 91' lang='lat' dir='ltr'><strong>sed</strong></span> <span class='ocrx_word' id='word_1_193' title='bbox 1092 2431 1184 2471; x_wconf 89' lang='lat' dir='ltr'><strong>quae</strong></span> <span class='ocrx_word' id='word_1_194' title='bbox 1205 2417 1400 2472; x_wconf 85' lang='lat' dir='ltr'><strong>praecepit</strong></span> <span class='ocrx_word' id='word_1_195' title='bbox 1422 2417 1597 2468; x_wconf 87' lang='lat' dir='ltr'><strong>Ofellus,</strong></span> 
     </span>
     <span class='ocr_line' id='line_1_29' title="bbox 375 2481 1514 2538; baseline 0.003 -16"><span class='ocrx_word' id='word_1_196' title='bbox 375 2483 377 2487; x_wconf 83' lang='lat'>&#39;</span> <span class='ocrx_word' id='word_1_197' title='bbox 402 2481 616 2531; x_wconf 87' lang='lat' dir='ltr'><strong>Rusticus,</strong></span> <span class='ocrx_word' id='word_1_198' title='bbox 638 2482 841 2523; x_wconf 85' lang='lat' dir='ltr'><strong>abnormis</strong></span> <span class='ocrx_word' id='word_1_199' title='bbox 870 2482 1045 2537; x_wconf 82' lang='lat' dir='ltr'><strong>sapienS,</strong></span> <span class='ocrx_word' id='word_1_200' title='bbox 1067 2497 1279 2538; x_wconf 81' lang='lat' dir='ltr'><strong>crassaque</strong></span> <span class='ocrx_word' id='word_1_201' title='bbox 1302 2483 1514 2538; x_wconf 89' lang='lat' dir='ltr'><strong>Minerva)</strong></span> 
     </span>
    </p>

    <p class='ocr_par' dir='ltr' id='par_1_20' title="bbox 404 2548 1437 2605">
     <span class='ocr_line' id='line_1_30' title="bbox 404 2548 1437 2605; baseline 0.003 -17"><span class='ocrx_word' id='word_1_202' title='bbox 404 2548 579 2598; x_wconf 87' lang='lat' dir='ltr'><strong>Discite,</strong></span> <span class='ocrx_word' id='word_1_203' title='bbox 600 2563 681 2589; x_wconf 92' lang='lat' dir='ltr'><strong>non</strong></span> <span class='ocrx_word' id='word_1_204' title='bbox 702 2548 811 2590; x_wconf 91' lang='lat' dir='ltr'><strong>inter</strong></span> <span class='ocrx_word' id='word_1_205' title='bbox 830 2549 966 2590; x_wconf 85' lang='lat' dir='ltr'><strong>lances</strong></span> <span class='ocrx_word' id='word_1_206' title='bbox 987 2563 1226 2605; x_wconf 87' lang='lat' dir='ltr'><strong>mensasque</strong></span> <span class='ocrx_word' id='word_1_207' title='bbox 1246 2550 1437 2601; x_wconf 89' lang='lat' dir='ltr'><strong>nitentes,</strong></span> 
     </span>
    </p>
   </div>
   <div class='ocr_carea' id='block_1_5' title="bbox 354 2615 1736 2671">
    <p class='ocr_par' dir='ltr' id='par_1_21' title="bbox 354 2615 1736 2671">
     <span class='ocr_line' id='line_1_31' title="bbox 354 2615 1736 2671; baseline 0 -14"><span class='ocrx_word' id='word_1_208' title='bbox 354 2661 356 2665; x_wconf 18' lang='grc' dir='ltr'><em>Α</em></span> <span class='ocrx_word' id='word_1_209' title='bbox 405 2618 512 2658; x_wconf 90' lang='lat' dir='ltr'><strong>Cum</strong></span> <span class='ocrx_word' id='word_1_210' title='bbox 530 2624 667 2671; x_wconf 88' lang='lat' dir='ltr'><strong>stupet</strong></span> <span class='ocrx_word' id='word_1_211' title='bbox 686 2615 838 2657; x_wconf 89' lang='lat' dir='ltr'><strong>insanis</strong></span> <span class='ocrx_word' id='word_1_212' title='bbox 859 2616 964 2657; x_wconf 90' lang='lat' dir='ltr'><strong>acies</strong></span> <span class='ocrx_word' id='word_1_213' title='bbox 984 2616 1226 2670; x_wconf 80' lang='lat' dir='ltr'><strong>fulgoribus,</strong></span> <span class='ocrx_word' id='word_1_214' title='bbox 1247 2625 1288 2658; x_wconf 93' lang='lat' dir='ltr'><strong>et</strong></span> <span class='ocrx_word' id='word_1_215' title='bbox 1308 2631 1400 2658; x_wconf 90' lang='lat' dir='ltr'><strong>cum</strong></span> <span class='ocrx_word' id='word_1_216' title='bbox 1688 2624 1715 2662; x_wconf 91' lang='lat'><strong><em>5</em></strong></span> <span class='ocrx_word' id='word_1_217' title='bbox 1733 2648 1736 2651; x_wconf 84' lang='lat'><em>-</em></span> 
     </span>
    </p>
   </div>
   <div class='ocr_carea' id='block_1_6' title="bbox 404 2683 1618 2807">
    <p class='ocr_par' dir='ltr' id='par_1_22' title="bbox 404 2683 1618 2807">
     <span class='ocr_line' id='line_1_32' title="bbox 404 2683 1300 2731; baseline -0.001 -5"><span class='ocrx_word' id='word_1_218' title='bbox 404 2685 598 2726; x_wconf 82' lang='lat' dir='ltr'><strong>Adclinis</strong></span> <span class='ocrx_word' id='word_1_219' title='bbox 617 2684 730 2726; x_wconf 83' lang='lat' dir='ltr'><strong>falsis</strong></span> <span class='ocrx_word' id='word_1_220' title='bbox 750 2683 909 2725; x_wconf 85' lang='lat' dir='ltr'><strong>animus</strong></span> <span class='ocrx_word' id='word_1_221' title='bbox 931 2683 1095 2725; x_wconf 86' lang='lat' dir='ltr'><strong>meliora</strong></span> <span class='ocrx_word' id='word_1_222' title='bbox 1114 2692 1272 2725; x_wconf 86' lang='lat' dir='ltr'><strong>recusat</strong></span> <span class='ocrx_word' id='word_1_223' title='bbox 1290 2700 1300 2731; x_wconf 92' lang='grc'>;</span> 
     </span>
     <span class='ocr_line' id='line_1_33' title="bbox 408 2751 1618 2807; baseline 0.001 -12"><span class='ocrx_word' id='word_1_224' title='bbox 408 2755 559 2795; x_wconf 87' lang='lat' dir='ltr'><strong>Verum</strong></span> <span class='ocrx_word' id='word_1_225' title='bbox 582 2752 648 2793; x_wconf 91' lang='lat' dir='ltr'><strong>hic</strong></span> <span class='ocrx_word' id='word_1_226' title='bbox 667 2751 862 2806; x_wconf 87' lang='lat' dir='ltr'><strong>impransi</strong></span> <span class='ocrx_word' id='word_1_227' title='bbox 882 2765 1039 2792; x_wconf 89' lang='lat' dir='ltr'><strong>mecum</strong></span> <span class='ocrx_word' id='word_1_228' title='bbox 1058 2751 1283 2807; x_wconf 87' lang='lat' dir='ltr'><strong>disquirite.</strong></span> <span class='ocrx_word' id='word_1_229' title='bbox 1347 2753 1382 2799; x_wconf 66' lang='grc' dir='ltr'><strong>ἻῙ</strong></span> <span class='ocrx_word' id='word_1_230' title='bbox 1404 2755 1491 2795; x_wconf 84' lang='lat' dir='ltr'><strong>Cur</strong></span> <span class='ocrx_word' id='word_1_231' title='bbox 1511 2754 1618 2796; x_wconf 87' lang='lat' dir='ltr'><strong>hoc?</strong></span> 
     </span>
    </p>
   </div>
   <div class='ocr_carea' id='block_1_7' title="bbox 1882 360 1962 896">
    <p class='ocr_par' dir='ltr' id='par_1_23' title="bbox 1882 360 1962 896">
     <span class='ocr_line' id='line_1_34' title="bbox 1882 657 1890 666; textangle 90"><span class='ocrx_word' id='word_1_232' title='bbox 1882 657 1890 666; x_wconf 83' lang='lat'>.</span> 
     </span>
     <span class='ocr_line' id='line_1_35' title="bbox 1939 360 1962 896; textangle 90"><span class='ocrx_word' id='word_1_233' title='bbox 1939 526 1962 896; x_wconf 46' lang='grc' dir='ltr'><strong>ιωῖιωςῖἐήιιὶσὶαάωαὴφ</strong></span> <span class='ocrx_word' id='word_1_234' title='bbox 1944 415 1962 518; x_wconf 49' lang='grc' dir='ltr'><strong>ψ-οξτο.</strong></span> <span class='ocrx_word' id='word_1_235' title='bbox 1950 386 1962 399; x_wconf 69' lang='lat'><strong>2:</strong></span> <span class='ocrx_word' id='word_1_236' title='bbox 1947 360 1962 370; x_wconf 71' lang='lat'><strong>³.</strong></span> 
     </span>
    </p>
   </div>
  </div>
 </body>
</html>
