1962 3268
425 293 480 336 46
849 307 887 336 Q.
922 306 1115 333 HORATII
1150 305 1312 333 FLACC'I

424 405 632 456 Exclusit,
652 412 836 446 revocat:
868 405 1061 447 redeam?
1083 419 1180 456 non,
1203 405 1237 446 si
1265 405 1457 447 obsecret.
1519 406 1630 448 Ecce

428 475 593 524 Servus,
614 487 697 514 non
717 473 841 528 paulo
857 472 1104 528 sapientior;
1140 473 1177 514 Ο
1199 472 1311 524 here,
1332 487 1425 528 quae
1443 487 1508 514 res
1656 465 1743 516 26'5

425 541 515 582 Nec
536 540 703 582 modum
724 540 862 592 habet,
884 555 1017 595 neque
1041 539 1274 591 consilium,
1289 539 1446 581 ratione
1465 540 1668 596 modoque

427 609 618 651 Tractari
633 623 715 650 non
736 609 851 650 vult:
883 608 925 649 in
948 622 1084 650 amore
1101 607 1192 648 haec
1205 615 1301 649 sunt
1321 607 1451 655 mala;
1484 606 1654 658 bellum,

424 677 516 718 Pax
535 691 693 717 rursum
713 692 724 723 ;
757 675 847 717 haec
868 675 993 731 siquis
1014 674 1267 730 tempestatis
1282 688 1408 729 prope
1428 674 1511 715 ritu
1546 702 1551 708 ·

422 743 616 794 Mobilia,
631 752 672 785 et
693 758 796 785 caeca
819 743 1024 784 fluitantia
1044 750 1165 792 sorte,
1185 742 1340 783 laboret

423 812 616 853 Reddere
637 820 746 853 certa
767 810 857 861 sibi,
879 810 1009 851 nihilo
1029 809 1123 864 plus
1142 808 1334 864 explicet,
1355 823 1402 849 ac
1422 807 1455 848 si
1653 806 1740 861 270

422 879 610 920 Insanire
630 887 744 933 paret
764 886 874 919 certa
893 877 1050 918 ratione
1068 877 1283 934 modoque.

419 946 531 997 Quid
548 948 565 986 ?
583 959 674 986 cum
696 945 859 985 Picenis
875 957 1094 997 excerpens
1114 942 1268 984 semina
1289 942 1433 997 pomis,

422 1013 592 1054 Gaudes
613 1012 647 1052 si
668 1026 866 1053 cameram
886 1011 1065 1066 percusti
1079 1010 1199 1060 forte,
1220 1024 1346 1064 penes
1366 1018 1406 1051 te
1426 1012 1493 1051 es?

420 1080 563 1131 Quid?
586 1093 678 1120 cum
699 1078 819 1120 balba
838 1077 934 1118 feris
954 1091 1107 1119 annoso
1127 1078 1252 1119 verba
1270 1077 1421 1132 palato,

418 1147 672 1190 AEdificante
693 1161 805 1187 casas
825 1146 895 1200 qui
915 1145 1079 1186 sanior?
1141 1145 1268 1186 Adde
1282 1158 1463 1186 cruorem
1654 1138 1738 1194 275

420 1214 632 1265 Stultitiae,
654 1222 775 1269 atque
795 1213 932 1267 ignem
954 1212 1092 1267 gladio
1114 1221 1318 1254 scrutare:
1352 1213 1487 1263 modo,
1508 1211 1691 1267 inquam,

419 1282 600 1323 Hellade
614 1295 805 1336 percussa
827 1279 989 1320 Marius
1011 1294 1103 1321 cum
1125 1279 1357 1335 praecipitat
1377 1294 1434 1330 se,

418 1349 604 1391 Cerritus
622 1348 736 1390 fuit?
767 1363 817 1389 an
839 1356 1052 1388 commotae
1073 1348 1240 1389 crimine
1261 1348 1410 1389 mentis

415 1417 622 1459 Absolves
641 1416 864 1466 hominem,
886 1423 926 1456 et
947 1414 1108 1456 sceleris
1128 1415 1339 1457 damnabis
1360 1415 1550 1465 eundem,

416 1486 487 1526 Ex
506 1499 616 1526 more
631 1484 844 1538 imponens
865 1490 1038 1536 cognata
1058 1482 1256 1523 vocabula
1275 1482 1396 1523 rebus
1413 1485 1430 1522 ἓ
1555 1496 1564 1500 “
1648 1481 1733 1521 280

415 1551 655 1593 Libertinus
677 1559 777 1601 erat,
799 1550 868 1606 qui
889 1550 1041 1590 circum
1062 1549 1240 1604 compita
1259 1548 1389 1590 siccus

416 1618 565 1660 Lautis
585 1633 704 1660 mane
721 1632 847 1659 senex
867 1617 1056 1659 manibus
1077 1616 1264 1658 currebat
1281 1631 1289 1656 ε
1324 1623 1379 1666 et,
1401 1616 1547 1657 Unum

415 1684 548 1737 (Quid
570 1695 652 1728 tam
673 1700 866 1742 magnum
884 1689 900 1726 Ρ
922 1685 1096 1737 addens)
1118 1697 1245 1724 unum
1267 1697 1333 1724 ine
1353 1683 1508 1738 surpite
1527 1682 1663 1732 morti,
1715 1711 1717 1713 ·

412 1755 508 1795 Diis
529 1754 678 1796 etenim
694 1753 813 1795 facile
829 1761 904 1803 est,
927 1752 1089 1799 orabam
1123 1765 1245 1793 sanus
1265 1751 1448 1806 utrisque

411 1822 600 1863 Auribus
616 1829 737 1876 atque
758 1820 911 1868 oculis3
946 1829 1138 1869 mentem,
1156 1818 1235 1859 nisi
1254 1817 1472 1873 litigiosus,
1645 1818 1730 1859 285

411 1889 635 1943 Exciperet
652 1888 841 1929 dominus
857 1902 947 1928 cum
972 1887 1166 1928 venderet
1184 1901 1192 1925 z
1225 1885 1303 1926 hoc
1324 1900 1484 1941 quoque
1504 1885 1653 1940 vulgus

410 1956 670 2011 Chrysippus
691 1955 808 2009 ponit
822 1954 1015 1995 foecunda
1034 1953 1077 1993 in
1099 1961 1223 2007 gente
1244 1953 1428 1993 Meneni.

408 2023 591 2078 Jupiter,
612 2022 799 2076 ingentes
819 2021 889 2075 qui
912 2021 983 2061 das
1003 2019 1231 2074 adimisque
1250 2019 1424 2070 dolores,

410 2092 552 2132 Mater
571 2089 628 2131 ait
647 2088 764 2144 pueri
784 2102 942 2129 menses
955 2087 1042 2142 jam
1061 2087 1242 2142 quinque
1263 2087 1465 2137 cubantis,

410 2157 584 2212 Frigida
604 2156 638 2198 si
658 2169 830 2211 puerum
851 2163 1048 2210 quartana
1068 2154 1292 2209 reliquerit,
1313 2153 1386 2195 illo
1642 2156 1727 2200 290

409 2226 541 2266 Mane
562 2224 629 2265 die
649 2238 729 2278 quo
749 2232 794 2263 tu
814 2222 961 2263 indicis
971 2222 1148 2277 jejunia,
1164 2222 1301 2262 nudus

409 2294 463 2334 In
486 2291 631 2333 Tiberi
653 2291 799 2332 stabit:
833 2305 949 2331 casus
970 2289 1204 2331 medicusve
1219 2286 1366 2330 levarit

409 2361 588 2414 AEgrum
610 2373 660 2401 ex
679 2357 898 2413 praecipiti,
919 2366 1048 2399 mater
1068 2356 1196 2399 delira
1210 2356 1372 2398 necabit

407 2427 460 2467 In
476 2426 614 2480 gelida
632 2425 759 2466 fixum
779 2426 883 2478 ripa,
898 2424 1123 2479 febrimque
1142 2425 1333 2465 reducet:

372 2482 374 2486 ’
408 2494 553 2543 Quone
573 2493 680 2534 malo
700 2501 878 2533 mentem
900 2493 1126 2533 concussa?
1158 2490 1301 2531 timore
1322 2490 1520 2530 Deorum.
1638 2493 1721 2536 295

408 2560 516 2600 Haec
537 2559 639 2599 mihi
662 2558 881 2600 Stertinius
902 2558 1131 2613 sapientum
1148 2565 1315 2598 octavus
1331 2556 1462 2597 amico

351 2661 353 2664 .
406 2628 539 2668 Arma
560 2625 688 2676 dedit,
709 2624 879 2680 posthac
895 2639 946 2665 ne
962 2624 1224 2678 compellarer
1243 2623 1411 2665 inultus.

407 2693 572 2735 Dixerit
591 2693 778 2735 insanum
796 2692 866 2748 qui
886 2706 964 2743 me,
982 2691 1152 2733 totidem
1173 2692 1311 2733 audiet
1328 2708 1339 2739 ;
1372 2700 1494 2746 atque

408 2762 630 2817 Respicere
650 2760 791 2816 ignoto
807 2760 935 2802 discet
955 2759 1176 2815 pendentia
1196 2769 1322 2814 tergo.
