1962 3268
413 310 496 355 190
812 325 852 355 Q.
885 324 1082 352 HORATII
1095 337 1101 341 -
1115 325 1274 355 πωροι

413 423 555 474 Dicat,
576 430 618 464 et
646 422 712 464 his
732 423 868 466 verbis
888 438 1037 466 vacuas
1056 425 1306 480 permulceat
1326 441 1470 477 aures;

414 490 442 510 “
458 490 577 531 Tene
598 490 727 545 magis
748 491 905 532 salvum
926 492 1103 547 populus
1124 494 1238 544 velit,
1260 509 1312 536 an
1333 497 1530 551 populum
1553 505 1613 549 tu,

414 557 442 576 “
462 557 604 598 Servet
629 558 672 599 in
692 559 896 615 ambiguo,
917 560 988 615 qui
1009 561 1185 602 consulit
1205 570 1246 603 et
1268 558 1343 604 tibi
1364 572 1406 605 et
1424 565 1531 616 urbi,

415 625 443 645 ‘⁶
460 625 490 665 J
495 625 684 679 upiter'';
717 627 899 681 Augusti
919 627 1060 668 laudes
1082 643 1299 683 agnoscere
1319 631 1460 685 possis.

414 693 521 732 Cum
543 693 693 747 pateris
715 695 875 749 sapiens
896 696 1216 751 emendatusque
1237 699 1388 748 vocari,
1671 701 1731 742 30

412 759 708 814 Respondesne
729 772 815 813 tuo,
837 762 904 804 dic
926 764 1057 814 sodes,
1079 765 1274 806 nomine?
1338 767 1375 812 ἺῘ
1395 767 1557 822 Nempe

413 827 487 868 Vir
506 828 638 870 bonus
660 837 700 870 et
729 830 913 882 prudens*
929 830 1011 871 dici
1032 831 1213 872 delector
1231 847 1306 887 ego
1328 848 1374 875 ac
1395 843 1452 875 tu.

415 894 451 941 ἾῙ
476 895 559 945 Qui
578 896 692 936 dedit
712 895 790 936 hoc
818 896 955 946 hodie,
979 911 1081 947 cras,
1105 898 1138 938 si
1155 899 1280 949 volet,
1302 901 1480 949 auferet;
1513 908 1561 942 ut
1581 901 1616 942 si

413 962 623 1003 Detulerit
640 962 770 1003 fasces
790 963 976 1018 indigno,
999 963 1186 1006 detrahet
1206 965 1329 1007 idem.

413 1030 544 1079 Pone,
567 1043 702 1071 meum
724 1037 800 1081 est,
821 1030 981 1085 inquit:
1013 1045 1121 1086 pono
1149 1033 1357 1089 tristisque
1380 1036 1538 1077 recedo.
1672 1037 1730 1079 35

414 1097 533 1138 Idem
556 1096 589 1137 si
611 1097 759 1138 clamet
778 1097 926 1148 furem,
948 1107 1071 1154 neget
1092 1114 1178 1141 esse
1198 1102 1410 1155 pudicum,

414 1165 649 1206 Contendat
669 1165 816 1220 laqueo
837 1166 985 1207 collum
1008 1168 1202 1222 pressisse
1221 1177 1453 1224 paternum,

414 1233 613 1274 Mordear
633 1233 863 1288 opprobriis
882 1233 1011 1286 falsis,
1032 1244 1270 1292 mutemque
1289 1238 1442 1280 colores
1459 1241 1476 1280 ?

413 1301 564 1341 Falsus
584 1300 715 1341 honor
727 1300 864 1356 juvat,
886 1310 927 1342 et
949 1304 1126 1345 mendax
1147 1304 1316 1346 infamia
1335 1313 1473 1357 terret,

414 1369 562 1419 Quem,
573 1368 653 1408 nisi
667 1368 905 1409 mendosum
921 1378 961 1411 et
974 1371 1286 1413 medicandum?
1306 1373 1379 1414 Vir
1392 1374 1522 1416 bonus
1536 1381 1596 1416 est
1611 1373 1730 1430 quis?

414 1434 703 1486 Qui'consulta
723 1445 903 1491 patrum,
925 1437 996 1492 qui
1017 1438 1127 1493 leges
1140 1440 1316 1495 juraque
1337 1450 1496 1491 servat3
1675 1443 1727 1483 ss

415 1505 508 1554 Quo
529 1503 673 1544 multae
694 1517 935 1559 magnaeque
956 1515 1146 1547 secantur
1159 1507 1303 1562 judice
1323 1507 1415 1549 lites
1432 1525 1444 1556 ;

415 1573 509 1622 Quo
528 1586 592 1612 res
613 1586 804 1626 sponsore
825 1581 865 1613 et
885 1587 965 1628 quo
986 1587 1122 1615 causae
1143 1582 1245 1616 teste
1266 1583 1481 1617 tenentur:

417 1641 499 1681 Sed
519 1640 634 1681 videt
652 1639 764 1681 hunc
784 1641 915 1681 omnis
936 1642 1080 1683 domus
1102 1650 1142 1683 et
1163 1642 1313 1684 vicinia
1334 1651 1420 1685 tota

416 1709 624 1748 Introrsus
645 1715 821 1762 turpem,
845 1709 1071 1764 speciosum
1093 1710 1200 1764 pelle
1221 1711 1378 1753 decora.
1675 1713 1731 1754 45

416 1772 456 1816 N
461 1790 506 1816 ec
524 1774 681 1816 furtum
701 1774 794 1825 feci,
823 1790 898 1817 nec
917 1776 1022 1831 fugi,
1045 1778 1079 1818 si
1099 1778 1201 1819 mihi
1223 1779 1333 1820 dicat

417 1844 592 1883 Servus:
627 1843 770 1884 Habes
791 1844 984 1898 pretium,
1006 1845 1102 1886 loris
1124 1861 1206 1887 non
1226 1847 1370 1898 ureris,
1387 1846 1462 1888 aio.

415 1909 462 1965 'J
480 1911 577 1950 Non
592 1909 797 1951 hominem
821 1911 951 1953 occidi
968 1928 976 1952 :
1011 1913 1057 1970 Ἦ
1074 1914 1171 1955 Non
1192 1928 1333 1968 pasces
1354 1914 1396 1955 in
1417 1929 1535 1956 cruce
1556 1927 1710 1956 corvos.

414 1977 461 2034 ql
482 1979 580 2018 Sum
602 1978 747 2027 bonus,
769 1986 809 2018 et
827 1978 936 2032 frugi
954 1995 963 2019 ε
997 1980 1043 2036 Ἦ
1059 1981 1218 2021 Renuit
1239 1982 1476 2037 negitatque
1492 1982 1700 2024 Sabellus:

417 2045 576 2085 Cautus
596 2043 704 2085 enim
727 2044 873 2085 metuit
893 2044 1055 2086 foveam
1076 2046 1214 2101 lupus,
1232 2048 1505 2104 accipiterque
1674 2050 1732 2090 50

418 2111 637 2165 Suspectos
655 2111 836 2166 laquem,
854 2120 895 2152 et
911 2121 1097 2166 opertum
1115 2115 1268 2156 miliius
1287 2115 1471 2157 hamum.

416 2179 606 2221 Oderunt
626 2193 793 2233 peccare
813 2179 911 2220 boni
932 2179 1095 2221 virtutis
1116 2195 1276 2231 amore3

417 2248 490 2287 Tu
510 2246 615 2287 nihil
635 2246 826 2288 admittes
846 2246 889 2288 in
910 2255 950 2288 te
969 2246 1187 2290 formidine
1206 2263 1366 2304 poenae:

419 2314 482 2355 Sit
503 2329 593 2368 spes
614 2313 798 2364 fallendi,
814 2314 1003 2356 miscebis
1025 2330 1137 2358 sacra
1157 2316 1350 2370 profanis.

417 2383 527 2423 Nam
548 2382 599 2423 de
619 2382 731 2423 mille
751 2382 858 2424 fabae
880 2383 1027 2424 modiis
1049 2390 1141 2425 cum'
1163 2385 1331 2440 surripis
1358 2400 1501 2437 unum,
1675 2388 1731 2428 55

377 2475 380 2480 -
416 2451 627 2491 Damnum
648 2459 723 2501 est,
744 2466 825 2491 non
845 2451 1004 2492 facinus
1025 2451 1126 2492 mihi
1146 2459 1267 2506 pacto
1287 2452 1419 2494 lenius
1438 2453 1529 2494 isto.

416 2518 650 2575 Vstbonus,
672 2533 791 2560 omne
810 2519 943 2560 forum
965 2533 1085 2574 quem
1114 2527 1272 2573 spectat
1294 2528 1335 2561 et
1355 2534 1475 2561 omne
1491 2519 1686 2572 tribunal,

418 2586 755 2640 Quandocunque
776 2587 889 2627 Deos
911 2587 976 2627 vel
995 2601 1118 2640 porco
1138 2586 1204 2626 vel
1225 2586 1330 2627 bove
1350 2587 1501 2641 placat,

357 2653 360 2658 “
416 2654 446 2694 J
450 2668 525 2694 ane
545 2662 674 2708 pater,
697 2653 816 2704 clare,
840 2654 946 2694 clare
963 2668 1054 2694 cum
1076 2653 1199 2701 dixit,
1222 2653 1403 2708 Apollo:

417 2721 557 2762 Labra
576 2729 726 2772 movet,
743 2730 928 2762 metuens
949 2720 1106 2762 audiri:
1141 2720 1322 2761 Pulchra
1342 2721 1548 2773 Laverna,
1675 2721 1731 2764 60
1777 2746 1782 2750 ·

419 2789 487 2830 Da
507 2787 609 2829 mihi
630 2787 784 2839 fallere,
808 2789 860 2831 da
874 2789 989 2843 justo
1011 2795 1229 2843 sanctoque
1247 2787 1378 2830 videri
1395 2805 1406 2836 3
