1962 3268
387 313 470 356 106
810 330 849 358 Q.
881 329 1077 359 nonA'ru
1109 331 1273 361 nacor

441 425 553 476 Quid
575 425 805 468 Tiridatem
827 436 989 478 terreat,
1011 431 1131 472 unice

441 493 628 533 Securus.
690 494 727 535 Ο
749 508 841 549 quae
861 494 1043 538 fontibus
1063 496 1233 551 integris

496 559 681 610 Gaudes,
703 561 861 615 apricos
881 570 997 604 necte
1017 562 1151 613 flores,

550 627 682 668 Necte
701 642 792 669 meo
813 629 972 670 Lamiae
993 644 1196 680 coronam,

437 692 618 748 Pimplei·
638 694 792 736 dulcis:
826 695 885 737 nil
907 695 994 737 sine
1015 705 1054 737 te
1075 697 1153 738 mei

436 761 616 802 Possunt
635 761 830 803 honores:
864 762 974 804 hunc
996 764 1143 805 fidibus
1164 764 1295 813 novis,

492 829 621 869 Hunc
643 829 795 870 Lesbio
816 829 971 871 Sacrare
991 831 1145 884 plectro

550 896 696 950 Teque
718 904 888 950 tuasque
908 896 1025 937 decet
1046 911 1212 938 sorores.

718 1050 843 1090 ODE
885 1049 1095 1091 xxvn.
1156 1051 1220 1102 (M.
1242 1052 1351 1102 mx.)

886 1142 948 1168 AD
978 1142 1190 1170 SODALES.

432 1206 583 1246 NATls
606 1206 648 1246 in
670 1219 786 1246 usum
807 1205 965 1247 laetitiae
987 1207 1152 1262 scyphis

432 1275 625 1327 Pugnare
647 1272 859 1313 Thracum
882 1282 967 1314 est:
1000 1274 1131 1315 tollite
1151 1274 1366 1315 barbarum

487 1341 666 1390 Morem,
688 1340 1044 1395 verecundumque
1066 1341 1275 1382 Bacchum

546 1407 790 1462 Sanguineis
810 1407 1022 1461 prohibete
1042 1408 1154 1449 rixis.

430 1474 537 1516 Vino
557 1483 598 1515 et
617 1474 794 1516 lucernis
815 1475 970 1516 Medus
990 1475 1174 1516 acinaces

431 1543 618 1583 Immane
638 1549 835 1596 quantum
857 1541 1086 1596 discrepat!
1150 1541 1332 1598 Impium

485 1609 637 1651 Lenite
657 1609 888 1658 clamorem,
910 1609 1082 1659 sodales,

541 1677 601 1717 Et
621 1675 759 1717 cubito
778 1684 985 1717 remanete
1005 1690 1155 1730 presso.

427 1742 566 1784 Vultis
587 1742 717 1784 severi
737 1757 802 1784 me
822 1757 983 1799 quoque
1003 1758 1161 1787 sumere

427 1810 592 1852 Partem
615 1810 815 1852 Falerni?
847 1810 958 1854 dicat
979 1810 1175 1866 Opuntiae

483 1878 631 1918 Frater
649 1876 852 1931 Megillae,
875 1892 955 1932 quo
974 1879 1118 1921 beatus

540 1944 734 1993 Vulnere,
755 1958 836 1998 qua
855 1954 995 1998 pereat
1015 1945 1176 1999 sagitta.

428 2012 572 2052 Cessat
592 2010 812 2052 voluntas?
840 2025 923 2053 non
944 2011 1024 2054 alia
1043 2011 1180 2054 bibam

425 2077 632 2119 Mercede.
693 2079 797 2128 Quae
818 2086 859 2118 te
879 2092 1039 2133 cunque
1058 2078 1198 2121 domat
1218 2079 1374 2128 Venus,

483 2145 580 2185 Non
601 2144 885 2186 erubescendis
906 2144 1043 2186 adurit

538 2211 737 2266 Iguibus;
773 2211 1032 2267 ingenuoque
1051 2226 1210 2269 semper

425 2280 582 2320 Amore
600 2293 766 2333 peccas:
798 2279 994 2335 quicquid
1013 2279 1153 2330 habes,
1176 2295 1266 2335 age,

423 2347 598 2400 Depone
618 2346 719 2393 tutis
739 2346 919 2388 auribus.
979 2347 1079 2388 Ah!
1115 2347 1250 2399 miser,

480 2415 645 2463 Quanta
663 2414 873 2456 laborabas
895 2415 1123 2470 Charybdi,

536 2480 677 2534 Digne
695 2495 797 2535 puer
817 2481 983 2523 meliore
1002 2481 1189 2523 flamma!

424 2549 527 2597 Quae
549 2561 660 2600 saga,
682 2547 773 2602 quis
795 2555 835 2588 te
854 2548 1009 2590 solvere
1031 2547 1244 2591 Thessalis

355 2653 357 2657 ,
423 2614 578 2667 Magus
598 2613 780 2662 venenis,
802 2614 894 2668 quis
914 2614 1064 2669 poterit
1086 2616 1233 2660 Deus?

478 2678 561 2720 Vix
579 2679 781 2735 illigatum
805 2689 844 2723 te
865 2681 1038 2725 triformi

534 2747 715 2801 Pegasus
736 2748 923 2802 expediet
945 2748 1163 2791 Chimaera.

1644 767 1696 808 10

1632 1813 1687 1854 10

1629 2147 1682 2189 15

1621 2485 1678 2525 20
