1962 3268
659 302 911 333 mmmmm
944 307 1034 335 mn.
1057 310 1087 337 1.
1113 296 1179 339 16.

636 464 925 510 ODE·XV1.-
989 468 1061 521 (κ.
1083 476 1198 528 xrx.)

554 598 813 630 PALINODIA
845 604 909 632 An
940 606 1276 640 TYNDARIDEM.
1330 594 1345 607 ι.

306 701 370 744 0!
403 704 583 748 Mun
603 707 778 763 pulchra
796 709 884 755 filia
903 715 1128 770 pulchrior,

303 769 440 820 Quem
461 772 690 818 criminosis
711 791 873 834 cunque
894 782 1008 825 voles
1029 786 1198 829 modum

360 837 497 882 Pones
517 841 699 892 Iambis;
733 845 820 889 sive
839 846 1020 903 flamma,

406 905 518 949 *Sive
537 907 641 951 mari
660 909 763 954 libet
783 912 1016 960 Hadriano.

303 970 403 1013 Non
424 973 707 1030 Dindymene,
730 993 813 1022 non
834 982 972 1039 adytis
992 989 1128 1042 quatit

303 1040 496 1084 Mentem
518 1046 776 1090 sacerdotum
797 1049 934 1094 incola
956 1053 1152 1110 Pythius,

360 1109 460 1151 Non
481 1111 612 1154 Liber
633 1128 772 1170 aeque;
806 1132 889 1160 non
909 1130 1032 1164 acuta

417 1176 488 1219 Sic
507 1180 722 1234 geminant
744 1184 1004 1240 Corybantes
1020 1205 1117 1244 aera,

301 1242 466 1285 Tristes
486 1253 534 1287 ut
553 1246 651 1289 irae:
687 1264 790 1305 quas
809 1266 944 1310 neque
965 1257 1145 1302 Noricus

299 1309 495 1353 Deterret
514 1313 639 1365 ensis,
661 1330 737 1358 nec
755 1332 869 1361 mare
888 1322 1153 1381 naufragum,

354 1377 448 1420 Nec
468 1394 604 1423 saevus
623 1381 748 1438 ignis,
770 1399 847 1428 nec
867 1394 1080 1435 tremendo

411 1447 584 1503 Jupiter
603 1450 694 1505 ipse
713 1466 838 1496 ruens
859 1458 1057 1502 tumultu.

297 1511 451 1555 Fertur
469 1515 744 1560 Prometheus
763 1520 917 1565 addere
935 1525 1115 1583 principi

297 1578 426 1622 Limo
445 1590 612 1625 coactus
632 1585 877 1639 particulam
899 1593 1084 1649 undique

354 1648 593 1703 Desectam,
616 1661 658 1695 et
678 1653 814 1698 insani
835 1658 966 1703 leonis

411 1716 509 1759 Vim
531 1718 745 1764 stomacho
764 1727 1006 1781 apposuisse
1025 1739 1177 1775 nostro.

296 1783 380 1826 Irae
399 1784 615 1840 Thyesten
631 1789 758 1832 exitio
776 1794 895 1846 gravi

295 1850 502 1905 Stravere,
523 1862 566 1896 et
586 1855 683 1898 altis
703 1859 875 1903 urbibus
895 1863 1056 1907 ultimae

351 1919 512 1963 Stetere
532 1936 683 1976 causae,
704 1940 778 1968 cur
793 1927 974 1983 perirent

406 1987 633 2042 Funditus,
653 1991 989 2052 imprimeretque
1009 2001 1138 2043 muris

291 2052 462 2096 Hostile
481 2064 663 2102 aratrum
685 2061 890 2106 exercitus
910 2064 1105 2111 insolens.

290 2119 518 2175 Compesce
537 2132 744 2176 mentem;
776 2142 843 2172 me
863 2146 1026 2189 quoque
1045 2138 1222 2191 pectoris

346 2187 548 2231 Tentavit
567 2190 612 2232 in
633 2192 750 2236 dulci
762 2195 941 2249 juventa

405 2255 579 2307 Fervor,
600 2266 642 2299 et
661 2259 706 2301 in
727 2262 879 2306 celeres
901 2266 1070 2312 Iambos

289 2319 414 2362 Misit
431 2320 636 2366 furentem
654 2342 664 2366 ε
698 2341 810 2371 nunc
829 2344 907 2387 ego
926 2334 1098 2379 mitibus

290 2387 463 2430 Mutare
482 2403 623 2445 quaero
644 2393 794 2447 tristia,
816 2397 917 2442 dum
936 2401 1040 2445 mihi

345 2454 383 2495 F
385 2454 446 2497 ias
465 2460 689 2504 recantatis
709 2462 844 2506 amica

403 2525 665 2582 Opprobriis,
685 2531 951 2590 animumque
970 2537 1131 2581 reddas.

1524 1339 1581 1378 10

1520 1675 1574 1715 15

1515 2012 1571 2051 20

1511 2348 1568 2388 25
