1962 3268
400 329 457 369 52
821 341 860 370 Q.
878 331 1088 367 'HORATII
1121 339 1285 367 FLACCI

402 442 456 482 In
477 454 650 481 vacuum
672 439 811 481 venias
828 455 838 480 z
871 454 1034 495 perraro
1054 439 1144 480 haee
1165 439 1254 480 alea
1273 437 1392 480 fallit.
1662 439 1720 479 50

399 507 483 559 Qui
504 515 793 549 testamentum
815 508 948 549 tradet
968 507 1043 549 tibi
1064 521 1238 562 cumque
1261 506 1498 561 legendum,

398 576 612 626 Abmoere,
630 583 671 616 et
692 574 851 616 tabulas
871 590 895 616 a
916 583 956 616 te
975 561 1183 616 remorere
1204 581 1430 615 memento:

401 641 470 683 Sic
490 650 627 683 tamen
642 649 689 682 ut
709 641 818 682 limis
837 641 972 696 rapias
992 641 1093 697 quid
1112 641 1245 696 prima
1265 641 1446 682 secundo

401 711 508 751 Cera
527 709 628 750 velit
648 723 794 756 versu3
827 708 952 758 solus,
973 708 1167 750 multisne
1189 708 1383 758 cohaeres,

396 777 538 819 Veloci
558 776 899 832 percurre'oculo.
960 776 1209 832 Plerumque
1228 785 1412 817 recoctus
1661 777 1719 816 55

398 844 542 886 Scriba
561 843 901 898 ex'quinqueviro
922 858 1088 884 corvum
1110 843 1278 884 deludet
1297 843 1496 893 hiantem,
1549 892 1551 894 Ι

397 911 676 965 Captatorque
694 910 809 951 dabit
828 910 933 950 risus
955 909 1107 951 Nasica
1122 911 1297 951 Corano.

397 979 434 1024 ἹῙ
454 979 567 1018 Num
589 977 722 1017 furis?
744 991 795 1018 an
817 977 997 1032 prudens
1017 976 1127 1034 ludis
1147 990 1227 1027 me,
1249 977 1420 1018 obscura
1441 977 1624 1018 canendo
1638 980 1656 1017 ἓ

398 1045 434 1091 ql
459 1046 497 1086 Ο
520 1044 759 1093 Laertiade,
781 1038 976 1098 quicquid
997 1044 1146 1094 dicam,
1169 1053 1240 1085 aut
1256 1044 1348 1093 erit,
1369 1053 1441 1086 aut
1459 1059 1562 1085 non:

394 1111 595 1153 Divinare
615 1111 764 1152 etenim
787 1126 961 1167 magnus
981 1111 1084 1152 mihi
1101 1112 1226 1152 donat
1246 1111 1410 1165 Apollo.
1659 1108 1718 1152 60

395 1179 432 1225 Ἥ
453 1179 565 1230 Quid
586 1187 723 1220 tamen
744 1179 822 1220 ista
843 1179 943 1220 velit
964 1179 1044 1220 sibi
1064 1179 1220 1229 fabula,
1244 1179 1278 1219 si
1299 1178 1411 1229 licet,
1436 1179 1524 1220 ede.

393 1248 431 1294 ἿῙ
451 1249 659 1302 Tempore
679 1261 760 1302 quo
773 1246 941 1302 juvenis
963 1245 1130 1287 Parthis
1150 1245 1390 1294 horrendus,
1413 1245 1465 1286 ab
1479 1245 1563 1286 alto

391 1315 630 1356 Demissum
651 1329 781 1369 genus
803 1312 956 1363 AEnea,
978 1313 1125 1354 tellure
1145 1312 1328 1367 marique

392 1384 579 1437 Magnus
600 1382 694 1432 erit,
715 1381 811 1422 forti
832 1381 962 1422 nubet
982 1394 1150 1435 procera
1171 1381 1334 1421 Corano

390 1450 497 1491 Filia
518 1449 697 1499 Nasicae,
715 1448 935 1489 metuentis
953 1448 1122 1488 reddere
1138 1447 1314 1488 soldum.
1657 1444 1714 1487 65

393 1519 506 1559 Tum
523 1531 650 1573 gener
666 1517 746 1557 hoc
765 1515 888 1557 faciet
905 1531 916 1563 ;
951 1514 1112 1556 tabulas
1133 1528 1272 1555 socero
1293 1513 1424 1563 dabit,
1445 1521 1568 1568 atque

391 1586 455 1627 Ut
475 1585 586 1639 legat
607 1584 761 1625 orabit:
796 1583 971 1624 multum
994 1581 1148 1623 Nasica
1167 1589 1337 1636 negatas

391 1652 586 1707 Accipiet
607 1652 790 1701 tandem,
811 1659 851 1692 et
872 1650 1021 1692 tacitus
1042 1649 1151 1703 leget
1167 1666 1178 1701 3
1208 1649 1474 1704 invenietque

392 1720 468 1760 Nil
489 1720 565 1761 sibi
586 1720 783 1774 legatum,
804 1725 955 1773 praeter
975 1717 1150 1772 plorare,
1172 1717 1351 1773 suisque.

390 1789 506 1830 Illud
526 1789 579 1829 ad
598 1788 688 1828 haec
701 1787 831 1842 jubeo
848 1802 859 1832 ;
893 1785 1039 1826 mulier
1059 1785 1093 1826 si
1113 1785 1218 1826 forte
1238 1784 1379 1826 dolosa
1655 1783 1714 1838 70

390 1855 637 1896 Libertusve
659 1868 795 1895 senem
817 1853 990 1894 delirum
1013 1860 1225 1907 temperet,
1246 1851 1331 1892 illis
1696 1856 1700 1858 '

388 1923 572 1964 Accedas
594 1921 749 1963 socius:
782 1920 939 1972 laudm,
959 1920 1139 1961 lauderis
1159 1928 1207 1960 ut
1230 1920 1375 1960 absens
1393 1934 1403 1958 :

387 1991 579 2046 Adjuvat
598 1989 676 2030 hoc
696 2002 883 2043 quoque;
917 1988 990 2029 sed
1009 1987 1138 2028 vincit
1156 1986 1279 2039 longe
1298 1985 1412 2039 prius
1432 1985 1565 2040 ipsum

387 2059 642 2112 Expugnare
662 2064 809 2109 caput:
843 2055 992 2096 scribet
1014 2053 1120 2095 mala
1141 2051 1320 2094 carmina
1335 2066 1476 2093 vecors
1493 2055 1510 2093 ?

387 2125 580 2166 Laudato
598 2140 607 2164 :
640 2130 837 2164 scortator
855 2121 964 2163 erit?
985 2136 1084 2162 cave
1105 2128 1145 2161 te
1165 2127 1282 2174 roget
1299 2135 1308 2160 ε
1340 2119 1450 2160 ultro
1651 2118 1709 2172 75

387 2191 623 2245 Penelopen
643 2188 775 2230 facilis
790 2188 939 2243 potiori
955 2188 1082 2229 trade.
1144 2188 1181 2234 Ἦ
1208 2187 1403 2237 Putasne,
1442 2219 1450 2226 ,-

386 2258 564 2301 Perduci
585 2256 734 2312 poterit
755 2264 836 2297 tam
858 2255 967 2309 frugi
992 2263 1157 2310 tamque
1177 2254 1343 2308 pudica,

385 2328 518 2377 Quam
540 2323 732 2379 nequiere
751 2322 864 2378 proci
884 2331 995 2364 recto
1014 2322 1217 2377 depellere
1236 2323 1388 2363 cursu?

386 2396 422 2441 ἾῙ
443 2393 568 2435 Venit
589 2391 696 2433 enim
717 2405 911 2446 magnum
933 2389 1115 2431 donandi
1135 2403 1258 2443 parca
1271 2388 1485 2442 juventus,

362 2480 364 2484 ·
382 2462 474 2502 Nec
491 2467 650 2500 tantum
668 2458 839 2499 Veneris
862 2466 1060 2512 quantum
1084 2455 1267 2497 studiosa
1287 2455 1460 2502 culinae;
1647 2459 1707 2499 80

382 2527 452 2568 Sic
471 2525 543 2567 tibi
568 2524 775 2578 Penelope
795 2523 905 2577 frugi
926 2532 1013 2564 est:
1047 2537 1139 2577 quae
1160 2522 1194 2563 si
1215 2521 1340 2562 semel
1360 2535 1443 2562 uno

380 2593 449 2634 De
470 2581 565 2632 sene
584 2588 762 2644 gustarit
782 2599 915 2630 tecum
937 2589 1090 2643 partita
1109 2588 1320 2638 lucellum,

338 2659 340 2662 ’
379 2660 444 2700 Ut
464 2657 589 2707 canis,
611 2671 635 2697 a
655 2656 763 2697 corio
783 2670 993 2711 nunquam
1016 2655 1308 2697 absterrebitur
1329 2662 1468 2696 uncto.

377 2727 453 2767 Me
474 2739 583 2775 sene,
596 2724 706 2780 quod
726 2723 874 2773 dicam,
895 2723 1048 2765 factum
1070 2730 1131 2764 est
1148 2739 1159 2773 3
1190 2737 1292 2764 anus
1311 2722 1497 2777 improba
1519 2722 1679 2766 Thebis

376 2795 447 2835 Ex
467 2799 710 2834 testamento
731 2790 789 2833 sic
808 2798 870 2832 est
890 2790 1024 2837 elata3
1058 2789 1230 2831 cadaver
1503 2798 1506 2801 “
1640 2793 1714 2833 85¹
