1962 3268
465 302 548 346 164
882 313 922 343 o.
955 308 1152 339 HORATH
1184 307 1349 338 rnxccx

517 418 745 474 Impudens
766 415 871 472 liqui
888 413 1043 471 patrios
1062 420 1246 469 penateS,

518 485 747 542 Impudens
769 484 923 526 Orcum
944 496 1091 523 moror.
1152 481 1190 523 Ο
1213 480 1398 522 Deorum

517 554 561 596 Si
582 553 672 609 quis
694 553 785 593 haec
805 550 923 593 audis
940 552 948 591 !
981 549 1139 591 utinam
1160 548 1267 589 inter
1288 560 1419 588 errem

631 620 758 662 Nuda
778 619 927 660 leones.

516 690 749 743 Antequam
771 686 902 741 turpis
922 684 1072 726 macies
1093 683 1285 724 decentes

519 758 706 810 Occupet
725 754 869 803 malas,
891 761 1121 806 teneraeque
1142 764 1286 791 succus

518 823 689 866 Defluat
709 822 877 877 praedae,
899 819 1081 874 speciosa
1100 831 1240 872 quaero

634 891 810 931 Pascere
831 888 970 942 tigres.

520 957 626 999 Vilis
647 958 832 1010 Europe,
853 962 970 1009 pater
990 959 1141 1007 urguet
1161 951 1320 999 absens,

520 1025 633 1076 Quid
652 1023 756 1064 mori
777 1023 939 1064 cessas?
970 1027 1087 1076 potes
1106 1019 1186 1060 hac
1206 1017 1259 1060 ab
1280 1030 1379 1058 orno

517 1091 751 1134 Pendulum
773 1104 874 1130 zona
893 1088 997 1130 bene
1017 1096 1058 1130 te
1079 1094 1281 1129 secuta-e-

633 1159 761 1200 lidere
783 1157 931 1199 collum
951 1173 959 1197 :

521 1228 617 1270 Sive
639 1235 679 1268 te
699 1241 821 1281 rupes
843 1234 884 1266 et
905 1232 1025 1267 acuta
1045 1223 1128 1264 leto

518 1298 629 1338 Saxa
649 1294 880 1341 delectant3
913 1306 1004 1347 age,
1026 1299 1066 1332 te
1087 1289 1276 1345 procellae

517 1362 651 1405 Crede
671 1360 801 1403 veloci
818 1377 827 1401 :
860 1359 939 1401 nisi
959 1356 1089 1400 herile
1109 1357 1239 1400 mavis

634 1430 814 1483 Carpere
834 1441 1022 1483 pensum,

515 1496 675 1552 Regius
696 1495 875 1551 sanguis,
895 1494 1156 1548 dominaeque
1175 1491 1284 1533 tradi
1352 1513 1357 1515 ·

514 1566 710 1608 Barbarae
730 1563 876 1619 pellex.
938 1562 1093 1603 Aderat
1113 1558 1300 1616 querenti

515 1633 728 1675 Pei-fidum
748 1631 886 1672 ridens
907 1630 1063 1679 Venus,
1085 1637 1126 1670 et
1147 1627 1314 1670 remisso

629 1699 765 1740 Filius
785 1712 890 1740 arcu.

515 1769 622 1809 Mox
642 1765 714 1807 ubi
733 1765 833 1806 lusit
853 1764 965 1814 satis,
988 1763 1226 1814 Absfineto,

512 1835 649 1885 Dixit,
670 1834 822 1875 irarum
842 1832 1069 1887 calidaeque
1089 1831 1204 1881 rixae,

515 1905 621 1945 Cum
645 1902 719 1943 tibi
741 1901 898 1942 invisus
917 1899 1135 1942 laceranda
1153 1899 1298 1941 reddet

629 1971 795 2010 Cornua
815 1975 971 2008 tauruS.

513 2039 636 2079 Uxor
656 2035 802 2077 invicti
821 2036 851 2076 J
855 2034 942 2075 ovis
963 2046 1050 2075 esse
1070 2032 1202 2074 nescis
1220 2032 1234 2073 ?

512 2105 642 2147 Mitte
663 2103 867 2158 singultus
884 2118 896 2150 ς
933 2102 1037 2142 bene
1056 2100 1163 2141 ferre
1184 2112 1374 2154 magnam

512 2172 640 2213 Disce
658 2171 863 2212 fortunam
883 2186 893 2210 ε
925 2176 998 2210 tua
1018 2175 1151 2209 sectus
1172 2166 1280 2209 orbis

627 2238 808 2281 Nomina
827 2238 964 2279 ducet.

771 2402 898 2443 ODE
941 2400 1180 2442 XXVIII.
1243 2398 1313 2451 (M.
1338 2402 1434 2454 xv.)

983 2503 1045 2530 AD
1078 2502 1251 2530 LYDEN.

495 2571 660 2617 'Fsssaeo
680 2574 780 2629 quid
799 2574 936 2628 potius
956 2572 1025 2614 die
1044 2584 1049 2587 ·

564 2641 753 2696 Neptuni
772 2639 918 2682 faciam
937 2638 950 2679 ?
984 2640 1134 2680 Prome
1153 2638 1427 2689 reconditum,

508 2710 630 2766 Lyde
651 2717 830 2759 strenua,
853 2706 1107 2757 Caecubum,

560 2776 823 2831 Munitaeque
843 2773 993 2817 adhibe
1012 2773 1095 2815 vim
1118 2773 1341 2829 sapientiae.

1732 813 1789 854 55
