1962 3268
603 357 926 386 EPISTOLARUM
961 358 1050 386 mn.
1085 357 1133 385 11.
1165 345 1206 384 2.
1486 345 1573 386 235

243 461 332 502 Cur
350 459 454 502 alter
472 458 647 500 fratrum
668 471 839 508 cessare,
861 467 903 500 et
923 458 1080 509 ludere,
1104 465 1145 500 et
1164 457 1297 513 ungui

244 527 446 570 Praeferat
467 524 652 568 Herodis
671 523 863 580 palmetis
883 526 1140 582 pinguibus,
1173 525 1291 577 alter,
1340 556 1349 565 .

244 596 378 639 Dives
397 604 440 638 et
459 594 734 650 importunus,
756 601 798 635 et
818 594 1008 637 umbram
1027 594 1134 637 lucis
1153 594 1206 636 ab
1225 603 1320 637 ortu
1491 596 1578 637 185

248 664 487 707 Silvestrem
506 661 683 704 flammis
703 669 746 702 et
764 661 871 703 ferro
887 662 1050 718 mitiget
1070 676 1231 717 agrum,

248 731 335 775 Scit
356 729 535 780 Genius,
555 727 694 770 natale
713 742 848 770 comes
874 729 946 784 qui
967 738 1169 784 temperat
1188 737 1362 779 astrum,

246 800 421 842 Naturae
442 798 561 839 Deus
581 795 792 847 humanae,
814 796 999 839 mortalis
1020 797 1063 839 in
1084 811 1233 839 unum-

246 867 451 922 Quodque
473 872 613 921 caput,
634 863 756 905 vultu
775 863 1003 915 mutabilis,
1025 864 1144 907 albus
1164 873 1206 907 et
1226 873 1327 907 ater.

252 935 371 985 Utar,
393 942 434 976 et
455 947 508 975 ex
529 931 695 974 modico
715 939 916 987 quantum
937 946 1003 974 res
1022 941 1164 987 poscet
1184 946 1330 975 acervo
1496 934 1582 980 190

247 1002 416 1045 Tollam
433 1018 446 1051 ;
478 1015 555 1043 nec
581 1008 760 1042 metuam
783 1000 885 1056 quid
905 1000 958 1042 de
979 1015 1045 1043 me
1058 1001 1221 1056 judicet
1242 1000 1374 1043 haeres
1392 1018 1404 1049 ;

249 1070 373 1123 Quod
391 1084 476 1111 non
494 1069 616 1125 plura
636 1068 745 1110 datis
761 1068 965 1111 invenerit
983 1085 994 1118 ;
1029 1077 1070 1111 et
1091 1077 1228 1111 tamen
1250 1069 1360 1111 idem

250 1139 366 1182 Scire
384 1138 518 1180 volam
541 1145 742 1194 quantum
765 1136 944 1193 simplex
966 1138 1191 1195 hilarisque
1211 1139 1352 1195 nepoti

251 1206 489 1262 Discrepet,
505 1214 553 1255 *et
569 1214 770 1261 quantum
791 1205 998 1249 discordet
1019 1222 1166 1263 parcus
1187 1222 1324 1250 avaro.

252 1275 396 1318 Distat
410 1275 537 1327 enim,
555 1288 724 1330 spargas
739 1282 809 1315 tua
824 1274 1039 1330 prodigus,
1055 1290 1107 1317 an
1120 1290 1253 1332 neque
1269 1284 1451 1319 sumtum
1505 1278 1589 1321 195

254 1342 422 1386 Invitus
440 1341 581 1393 facias,
603 1356 736 1397 neque
756 1341 876 1396 plura
896 1357 1040 1398 parare
1059 1344 1218 1386 labores
1234 1362 1246 1393 ς

253 1413 324 1454 Ac
342 1410 496 1467 potius,
516 1424 620 1466 puer
639 1417 687 1451 ut
706 1409 823 1451 sestis
843 1410 1162 1467 quinquatribus
1182 1413 1298 1466 olim,

254 1478 424 1534 Exiguo
443 1486 643 1534 gratoque
662 1477 811 1519 fruaris
832 1487 1016 1534 tempore
1035 1481 1201 1536 raptim.

256 1546 483 1603 Pauperies
502 1546 718 1588 immunda
737 1546 864 1588 domu
885 1548 1030 1603 procul
1050 1549 1183 1591 absit:
1217 1565 1308 1606 ego,
1330 1559 1470 1594 utrum

256 1615 378 1658 Nave
397 1615 506 1657 ferar
518 1629 671 1670 magna
690 1629 743 1657 an
763 1629 906 1670 parva,
927 1615 1036 1658 ferar
1055 1632 1164 1659 unus
1185 1626 1227 1660 et
1246 1618 1371 1661 idem.
1502 1620 1591 1661 200

256 1684 356 1726 Non
375 1682 539 1739 agimur
558 1683 730 1725 tumidis
753 1683 856 1725 velis
877 1685 1092 1740 Aquilone
1114 1687 1297 1729 secundo
1315 1704 1327 1736 ς

256 1752 356 1794 Non
377 1760 514 1794 tamen
534 1751 722 1794 adversis
742 1759 907 1794 aetatem
929 1753 1119 1796 ducimus
1140 1755 1305 1798 Austris
1323 1773 1336 1805 ;

256 1819 442 1871 Viribus,
461 1819 645 1875 ingenio,
666 1820 816 1876 specie,
834 1820 1004 1872 virtute,
1026 1821 1132 1874 loco,
1155 1838 1214 1874 re,

257 1887 454 1930 Extremi
472 1887 716 1944 primorum,
736 1888 931 1930 extremis
951 1904 1082 1945 usque
1102 1891 1271 1946 priores,

259 1956 360 1998 Non
378 1970 422 1997 es
441 1970 614 1998 avarus:
642 1956 721 1998 abi.
767 1956 880 2007 Quid
900 1965 1048 1999 caetera
1065 1960 1083 1999 ?
1107 1958 1197 2014 jam
1219 1959 1342 2001 simul
1362 1959 1441 2001 isto
1506 1961 1593 2003 205

260 2024 370 2067 Cum
391 2023 494 2066 vitio
512 2023 689 2080 fugere?
720 2032 833 2066 caret
853 2023 929 2066 tibi
949 2033 1095 2080 pectus
1116 2025 1230 2068 inani

259 2091 538 2134 Ambitione?
569 2100 681 2134 caret
701 2091 846 2133 mortis
864 2091 1102 2144 formidine,
1124 2103 1165 2135 et
1185 2094 1247 2136 ira
1263 2097 1282 2135 ?

264 2161 449 2211 Somnia,
465 2169 639 2203 terrores
655 2160 852 2214 magicos,
874 2160 1088 2211 miracula,
1110 2175 1242 2216 sagas,

263 2230 504 2271 Nocturnos
522 2228 700 2270 lemures
719 2234 991 2283 portentaque
1013 2227 1220 2272 Thessala
1240 2229 1348 2272 rides
1365 2233 1384 2271 ?

265 2297 440 2339 Natales
459 2305 577 2352 grate
596 2297 821 2337 numeras?
851 2294 1030 2351 ignoscis
1050 2296 1222 2339 amicis?
1513 2302 1601 2343 210

267 2363 426 2408 Lenior
444 2373 486 2407 et
506 2363 651 2406 melior
669 2363 719 2405 fis
739 2362 960 2406 accedente
981 2373 1145 2407 senecta
1161 2368 1180 2407 ?

267 2433 382 2485 Quid
401 2441 444 2476 te
462 2441 624 2476 exemta
636 2432 760 2487 juvat
780 2431 911 2487 spinis
930 2432 982 2475 de
1001 2433 1193 2489 pluribus
1215 2450 1298 2478 una
1315 2435 1330 2477 ?

267 2501 418 2544 Vivere
433 2501 468 2543 si
487 2509 598 2544 recte
615 2499 763 2552 nesciS,
785 2500 940 2543 decede
959 2502 1118 2557 peritis.

267 2570 431 2612 Lusisti
450 2570 566 2622 satis,
586 2568 708 2611 edisti
729 2568 843 2621 satis,
860 2577 985 2626 atque
1004 2570 1174 2621 bibisti;

270 2640 460 2694 Tempus
478 2637 590 2681 abire
610 2636 688 2679 tibi
709 2645 771 2679 est
788 2654 799 2686 ;
833 2651 885 2679 ne
904 2647 1048 2694 potum
1073 2639 1229 2695 largius
1250 2655 1369 2697 aequo
1516 2644 1603 2685 215

271 2705 427 2749 Rideat
447 2714 488 2749 et
508 2706 644 2762 pulset
663 2705 818 2748 lasciva
837 2706 1051 2749 decentius
1078 2715 1196 2750 aetas.
