1962 3268
434 316 490 356 50
862 325 902 355 Q·-
936 323 1131 352 HORATU
1166 323 1330 353 FLAccl

434 427 710 481 Angustoque
732 438 856 480 vagos
875 424 1009 480 pisces
1029 437 1205 479 urguere
1226 423 1373 466 catino.

432 494 595 549 Magna
614 500 752 535 movet
773 492 982 534 stomacho
1001 491 1182 541 fastidia,
1205 505 1277 532 seu
1296 504 1399 546 puer
1417 488 1554 531 unctis

435 561 654 603 Tractavit
672 560 838 602 calicem
859 559 1062 610 manibus,
1083 559 1180 600 dum
1202 558 1313 600 furta
1333 556 1526 612 ligurrit;

437 628 534 670 Sive
553 627 689 684 gravis
709 626 838 670 veteri
858 635 1026 669 craterae
1041 626 1164 667 limus
1185 624 1372 667 adhaesit.
1699 623 1758 664 80

436 695 599 737 Vilibus
619 695 663 737 in
683 695 830 750 scopis,
851 694 894 735 in
914 693 1090 750 mappis,
1112 693 1153 734 in
1175 694 1309 742 scobe,
1330 700 1508 748 quantus

436 762 639 805 Consistit
659 766 851 806 sumtus?
873 762 1087 817 neglectiS,
1112 760 1311 816 flagitium
1333 760 1491 814 ingens.

437 831 545 872 Ten'
564 830 722 886 lapides
742 829 876 872 varios
895 829 1101 870 lutulenta
1119 828 1262 869 radere
1281 826 1433 881 palma,

436 899 497 939 Et
519 897 673 952 Tyrias
693 897 791 939 dare
811 896 963 937 circum
984 895 1100 937 illota
1119 894 1265 936 toralia
1283 895 1450 935 vestes?

437 960 644 1013 Oblitum‚
665 971 821 1019 quanto
841 976 979 1004 curam
1001 969 1263 1016 sumtumque
1282 959 1480 1000 minorem
1579 962 1583 966 ’
1700 959 1757 1000 85

437 1030 546 1072 Hoec
563 1030 758 1081 habeant,
779 1037 894 1071 tanto
910 1027 1101 1083 reprendi
1115 1026 1272 1083 justius
1291 1025 1389 1076 illis,

437 1100 542 1150 Quae
561 1098 642 1140 nisi
662 1098 861 1140 divitibus
880 1103 1088 1152 nequeant
1108 1093 1345 1148 contingere
1363 1091 1528 1134 mensis.

437 1167 615 1214 ffIDocte
637 1166 748 1217 Cati,
768 1179 842 1221 per
861 1163 1082 1206 amicitiam
1112 1162 1310 1216 divosque
1328 1167 1510 1215 rogatus,

437 1236 603 1276 Ducere
623 1248 688 1276 me
707 1232 911 1282 auditum,
932 1245 1078 1286 perges
1099 1242 1356 1285 quocunque,
1378 1233 1595 1269 memento.

437 1303 548 1344 Nam
569 1300 756 1357 quamvis
775 1298 925 1340 referas
945 1297 1115 1339 memori
1136 1295 1238 1337 mihi
1252 1303 1417 1350 pectore
1438 1301 1600 1342 cuncta,
1702 1293 1760 1337 90

438 1369 538 1410 Non
558 1377 695 1411 tamen
714 1368 915 1422 interpres
935 1363 1177 1407 tantundem
1192 1362 1379 1418 juveris3
1412 1361 1518 1403 adde

437 1435 611 1477 Vultum
631 1435 899 1489 habitumque
917 1431 1123 1481 hominis3
1152 1444 1273 1486 quem
1294 1438 1342 1471 tu
1361 1429 1513 1471 vidisse
1540 1428 1700 1478 beatus,

438 1504 537 1545 Non
556 1502 697 1557 magni
717 1500 878 1557 pendis,
899 1499 997 1555 quia
1017 1498 1215 1553 contigit:
1248 1505 1290 1539 at
1310 1496 1413 1537 mihi
1433 1510 1530 1538 cura

440 1571 538 1611 Non
559 1568 774 1611 mediocris
793 1567 915 1618 inest,
936 1566 1075 1608 fontes
1091 1572 1139 1606 ut
1160 1563 1272 1606 adire
1292 1572 1483 1615 remotos,

438 1640 576 1695 Atque
595 1637 760 1681 haurire
779 1650 926 1692 queam
947 1634 1046 1675 vitae
1065 1639 1271 1688 praecepta
1290 1632 1434 1674 beatae.
1703 1631 1760 1674 95

945 1880 1186 1921 SATIRA
1219 1879 1267 1919 V.

443 2017 545 2057 Hoc
568 2031 744 2071 quoque,
768 2015 946 2065 Tiresia,
968 2022 1116 2069 praeter
1136 2020 1300 2054 narrata
1315 2010 1471 2066 petenti

441 2083 687 2139 Responde:
710 2083 859 2139 quibus
879 2081 1046 2124 amissas
1066 2093 1253 2134 reparare
1273 2091 1418 2134 queam
1438 2091 1502 2118 res

440 2150 617 2192 Artibus
638 2159 760 2206 atque
780 2149 925 2191 modis.
984 2147 1097 2199 Quid
1117 2146 1252 2187 rides?
1314 2145 1351 2191 ἿῘ
1374 2146 1404 2185 J
1406 2159 1525 2186 amne
1545 2143 1687 2186 doloso

442 2217 538 2259 Non
560 2219 658 2260 satis
678 2227 740 2261 est
761 2217 949 2260 Ithacam
969 2213 1126 2265 revehi,
1146 2212 1381 2268 patriosque
1399 2219 1568 2266 penates

440 2285 673 2341 Aspicere?
735 2286 772 2333 ἾῙ
797 2286 835 2327 Ο
855 2283 962 2326 nulli
981 2282 1204 2339 quidquam
1226 2279 1411 2330 mentite,
1427 2270 1547 2321 ¹vides
1567 2286 1614 2320 ut
1731 2281 1759 2320 5

440 2352 591 2394 Nudus
611 2354 811 2409 inopsque
830 2353 997 2394 domum
1018 2349 1197 2399 redeam,
1219 2356 1260 2389 te
1279 2354 1388 2398 vate,
1406 2360 1539 2400 neque
1558 2345 1644 2387 illic

442 2419 532 2460 Aut
552 2420 751 2475 apotheca
770 2418 904 2475 procis
925 2418 1079 2458 intacta
1099 2423 1175 2466 est,
1193 2423 1264 2456 aut
1284 2428 1432 2469 pecus:
1465 2413 1579 2468 atqui

369 2482 372 2486 ⁸
439 2486 501 2527 Et
518 2502 665 2542 genus,
686 2497 728 2530 et
747 2488 894 2537 virtus,
915 2484 994 2526 nisi
1015 2497 1109 2525 cum
1130 2496 1188 2531 re,
1209 2480 1330 2521 vilior
1350 2479 1443 2535 alga
1462 2487 1537 2520 est.

440 2552 669 2603 {Quando
688 2553 941 2609 pauperiem,
959 2548 1093 2591 missis
1113 2546 1368 2602 ambagibus,
1388 2545 1544 2595 horres,

439 2620 613 2675 Accipe,
633 2635 714 2677 qua
732 2620 890 2662 ratione
909 2632 1033 2674 queas
1054 2615 1263 2657 ditescere.
1325 2613 1498 2654 Turdus
1702 2614 1756 2653 lo

441 2687 538 2729 Sive
558 2688 671 2730 aliud
691 2688 853 2743 privum
875 2685 1041 2728 dabitur
1062 2682 1153 2733 tibi,
1174 2680 1337 2723 devolet
1356 2680 1470 2731 illuc,

441 2754 528 2795 Res
548 2754 619 2796 ubi
640 2769 790 2810 magna
809 2754 929 2804 nitet,
950 2750 1116 2793 domino
1138 2763 1258 2797 sene3
1289 2748 1428 2790 dulcia
1448 2762 1584 2804 poma,

439 2822 499 2863 Et
519 2837 782 2878 quoscunque
801 2821 902 2863 feret
924 2819 1058 2861 cultus
1080 2817 1154 2859 tibi
1173 2816 1327 2860 fundus
1346 2815 1534 2866 honores,
