1962 3268
477 303 536 331 DE
571 303 693 331 ARTE
728 303 941 341 POETICA,
975 304 1036 331 AD
1071 304 1267 333 BlsoNEs.

206 392 388 456 Dilator,
410 418 483 461 spe
503 404 668 460 longus,
690 404 814 456 iners,
837 404 1066 461 avidusque
1085 405 1232 456 futuri,

205 471 418 524 Difficilis,
439 472 651 530 querulus,
674 472 864 515 laudator
886 473 1084 528 temporis
1106 474 1187 515 acti

207 541 261 584 Se
280 556 422 598 puero,
445 557 591 586 censor
611 542 915 598 castigatorque
935 541 1157 583 minorum.

205 609 349 653 Multa
368 610 508 653 ferunt
527 610 628 652 anni
651 609 865 652 venientes
886 610 1103 652 commoda
1123 625 1278 661 secum,

203 677 347 720 Multa
366 679 605 721 recedentes
626 677 831 720 adimunt.
891 678 959 719 Ne
978 677 1084 719 forte
1107 677 1255 719 seniles

202 744 462 788 Mandentur
474 746 623 802 juveni
644 753 796 801 partes,
819 759 1029 800 pueroque
1048 745 1203 795 viriles,

203 813 374 869 Semper
388 813 432 855 in
453 812 663 870 adjunctis
684 827 856 868 aevoque
876 812 1130 854 morabimur
1150 812 1272 867 aptis.

199 881 288 923 Aut
307 882 446 938 agitur
464 897 530 924 res
549 882 593 923 in
615 881 762 931 scenis,
785 890 857 923 aut
879 889 970 923 acta
990 880 1179 923 refertur.

201 949 380 1004 Segnius
401 949 565 991 irritant
587 949 746 991 animos
767 948 945 990 demissa
965 963 1038 1003 per
1059 963 1215 998 aurem,

201 1018 336 1068 Quam
357 1031 451 1074 quae
472 1026 568 1060 sunt
589 1017 719 1058 oculis
741 1017 925 1072 subjecta
945 1017 1153 1067 fidelibus,
1175 1027 1217 1060 et
1229 1032 1330 1074 quae

201 1085 301 1140 Ipse
321 1085 399 1128 sibi
422 1086 549 1128 tradit
565 1094 785 1141 spectator.
847 1086 944 1126 Non
968 1094 1106 1128 tamen
1122 1086 1236 1128 intus

201 1152 345 1208 Digna
363 1155 469 1210 geri,
491 1168 655 1210 promes
675 1154 719 1194 in
742 1168 905 1196 scenam
925 1170 933 1194 :
968 1154 1180 1210 multaque
1197 1155 1318 1196 tolles

198 1223 270 1264 Ex
288 1222 434 1274 oculis,
447 1237 540 1280 quae
562 1237 659 1264 mox
679 1230 820 1265 narret
839 1221 1034 1265 facundia
1049 1236 1245 1277 praesens.

198 1291 290 1332 Nec
309 1303 458 1346 pueros
479 1304 614 1332 coram
637 1290 791 1346 populo
813 1290 968 1332 Medea
989 1290 1183 1343 trucidet,

197 1358 292 1399 Aut
306 1357 488 1401 humana
507 1359 643 1414 palam
666 1366 815 1414 coquat
837 1366 933 1400 exta
948 1357 1129 1400 nefarius
1150 1360 1318 1411 Atreus,

196 1427 292 1468 Aut
311 1425 354 1468 in
375 1441 494 1469 avem
515 1427 681 1483 Progne
702 1434 901 1475 vertatur,
925 1426 1111 1468 Cadmus
1131 1426 1174 1468 in
1196 1441 1374 1482 anguem
1393 1445 1404 1476 3

197 1494 485 1551 Quodcunque
500 1494 684 1537 ostendis
705 1493 809 1536 mihi
832 1493 904 1545 sic,
927 1494 1167 1536 incredulus
1187 1495 1269 1537 odi.

196 1563 318 1605 Neve
337 1563 486 1614 minor,
503 1577 585 1605 neu
611 1562 664 1604 sit
684 1561 830 1618 quinto
850 1562 1089 1618 productior
1110 1572 1206 1605 actu

196 1630 373 1681 Fabula,
395 1645 489 1687 quae
508 1630 623 1686 posci
640 1630 747 1681 vult,
769 1639 809 1672 et
831 1639 1016 1686 spectata
1036 1632 1180 1687 reponi
1199 1648 1207 1672 :

196 1699 288 1741 Nec
308 1698 428 1746 Deus
447 1699 626 1748 intersit,
648 1699 727 1741 nisi
749 1700 901 1754 dignus
923 1699 1088 1742 vindice
1108 1701 1241 1742 nodus

198 1767 402 1810 Inciderit
419 1784 427 1808 :
461 1782 538 1810 nec
557 1775 703 1824 quarta
724 1768 837 1824 loqui
858 1782 1034 1823 persona
1054 1768 1226 1811 laboret.

194 1835 359 1878 Actoris
378 1843 516 1891 partes
537 1834 690 1877 chorus
711 1834 974 1891 officiumque
994 1836 1114 1878 virile

194 1903 433 1951 Defendat3
466 1918 549 1946 neu
569 1903 670 1959 quid
691 1904 848 1946 medios
868 1904 1088 1947 intercinat
1109 1914 1240 1957 actus,

195 1972 319 2023 Quod
338 1987 422 2014 non
442 1972 652 2028 proposito
674 1973 878 2015 conducat
899 1983 940 2015 et
961 1973 1118 2016 haereat
1138 1983 1235 2030 apte
1254 1991 1262 2016 :

196 2039 278 2082 Ille
298 2040 417 2083 bonis
437 2040 656 2096 faveatque
676 2050 718 2082 et
739 2041 979 2083 consilietur
999 2042 1155 2090 amice;

194 2109 256 2151 Et
274 2117 392 2164 regat
412 2108 553 2160 iratos,
575 2117 616 2151 et
637 2118 746 2151 amet
767 2124 939 2164 peccare
960 2109 1176 2152 timentes:

196 2176 278 2219 Ille
297 2176 425 2232 dapes
444 2176 587 2218 laudet
606 2191 765 2218 mensae
787 2177 922 2218 brevis
941 2193 949 2217 z
983 2176 1053 2218 ille
1075 2178 1278 2221 salubrem

194 2245 225 2287 J
228 2245 430 2297 ustitiam,
450 2245 657 2302 legesque,
680 2254 722 2287 et
743 2245 895 2301 apertis
916 2247 1002 2294 otia
1021 2248 1151 2302 portis
1168 2266 1178 2291 :

195 2313 278 2355 Ille
298 2321 413 2370 tegat
432 2314 648 2357 commissa
665 2329 675 2362 3
707 2315 904 2371 Deosque
923 2324 1113 2371 precetur
1133 2326 1175 2359 et
1194 2328 1296 2369 oret,

193 2382 259 2424 Ut
278 2382 420 2424 redeat
440 2382 615 2434 miseris,
637 2383 758 2425 abeat
777 2383 944 2426 fortuna
964 2385 1165 2440 superbis.

194 2449 326 2493 Tibia
346 2465 445 2501 non,
467 2460 516 2493 ut
535 2466 647 2493 nunc
667 2451 874 2494 orichalco
897 2453 1050 2504 vincta,
1074 2455 1266 2511 tubaeque

191 2517 384 2569 AEmula,
406 2519 478 2561 sed
500 2518 637 2561 tenuis
653 2519 909 2576 simplexque
923 2521 1123 2564 foramine
1143 2538 1277 2579 pauco

191 2586 408 2642 Aspimre,
430 2596 471 2630 et
489 2587 630 2630 adesse
652 2588 787 2631 choris
807 2597 894 2631 erat
915 2590 1047 2641 utilis,
1070 2599 1193 2647 atque

192 2654 392 2697 Nondum
417 2655 546 2711 spissa
566 2657 690 2699 nimis
712 2657 917 2713 complere
944 2658 1089 2702 sedilia
1110 2659 1237 2709 flatu3

193 2725 288 2775 Quo
304 2738 401 2766 sane
421 2724 600 2779 populus
621 2726 902 2778 numerabilis,
926 2736 1070 2784 utpote
1090 2744 1259 2784 parvus,

194 2792 254 2834 Et
272 2791 398 2847 frugi,
421 2800 637 2848 castusque
659 2794 998 2851 verecundusque
1021 2796 1168 2838 coibat.

1455 285 1538 333 '241
1558 329 1565 332 ,

1457 610 1551 665 175⁷

1454 952 1540 995 180

1451 1292 1535 1335 185

1448 1635 1535 1679 190.

1410 1978 1413 1980 ’
1445 1978 1528 2022 195

1443 2323 1531 2364 200

1443 2667 1528 2706 205
