1962 3268
392 284 475 326 154
823 300 863 329 u.
895 297 1092 327 HonATn
1127 300 1289 329 FLAcm

447 397 554 438 Late
574 398 837 452 conspicuum
860 398 1002 441 tollere
1022 399 1229 452 verticem,

616 465 841 517 Maecenas,
863 465 1046 522 equitum
1066 467 1206 508 decus.

446 533 611 581 Quanto
631 532 801 589 quisque
821 532 898 575 sibi
917 533 1037 588 plura
1055 533 1281 588 negaverit,

445 599 489 638 A
509 598 605 640 Diis
625 599 743 653 plura
762 601 878 643 feret.
938 600 1012 642 Nil
1032 600 1282 656 cupientium

445 667 595 709 Nudus
615 676 746 710 castra
766 677 886 723 peto;
919 677 961 710 et
979 668 1205 723 transfuga,
1225 666 1402 709 divitum

615 735 758 777 Partes
778 736 963 791 linquere
982 735 1128 791 gesti0,

445 802 676 843 Contemtae
696 802 885 844 dominus
905 802 1158 857 splendidior
1175 802 1248 851 rei,
1268 827 1273 832 ·

444 870 575 917 Quam
597 868 631 909 si
651 868 846 924 quicquid
866 877 953 910 arat
972 868 1147 923 impiger
1166 869 1362 922 Appulus

444 935 664 976 Occultare
684 936 785 977 meis
803 935 960 977 dicerer
978 935 1149 984 horreis,

614 1003 796 1056 Magnas
814 1001 921 1043 inter
941 1016 1038 1056 opes
1058 1001 1188 1056 inops.

444 1068 567 1108 l‘urae
587 1068 700 1110 rivus
720 1083 837 1124 aquae
857 1068 1039 1124 silvaque
1053 1068 1245 1123 jugerum

444 1135 693 1187 Paucorum,
708 1144 749 1177 et
769 1135 919 1191 segetis
941 1144 1051 1177 certa
1070 1135 1172 1176 fides
1194 1149 1310 1184 meae,

444 1201 691 1256 Fulgentem
711 1203 883 1258 imperio
901 1202 1047 1245 fertilis
1067 1202 1226 1243 Africae

618 1269 746 1311 Fallit
766 1278 873 1312 sorte
892 1271 1060 1312 beatior.

444 1338 701 1392 Quamquam
722 1352 798 1379 nec
819 1338 1007 1380 Calabrae
1028 1338 1149 1380 mella
1168 1338 1306 1379 ferunt
1326 1349 1437 1388 apes,

443 1405 533 1445 Nec
555 1405 844 1460 Laestrygonia
865 1405 1055 1447 Bacchus
1075 1405 1119 1446 in
1140 1404 1337 1458 amphora

446 1471 698 1526 Languescit
717 1471 836 1524 mihi,
856 1486 933 1514 nec
953 1471 1124 1527 pinguia
1146 1471 1319 1513 Gallicis
1373 1522 1376 1525 Ι
1438 1500 1449 1502 -

615 1540 817 1581 Crescunt
837 1539 989 1581 vellera
1008 1538 1196 1594 pascuis;

445 1607 689 1660 Importuna
709 1614 846 1648 tamen
866 1606 1081 1661 pauperies
1101 1606 1238 1648 abest:

443 1674 547 1722 Nec,
571 1672 604 1713 si
623 1672 743 1727 plura
763 1672 903 1723 velim,
926 1681 972 1714 tu
992 1673 1089 1714 dare
1109 1673 1299 1727 deneges.

444 1740 666 1782 Contracto
686 1740 832 1781 melius
851 1754 978 1794 parva
998 1739 1191 1795 cupidine

614 1806 843 1860 Vectigalia
863 1806 1082 1862 porrigam,

444 1874 575 1922 Quam
598 1872 631 1912 si
654 1873 899 1927 Mygdoniis
918 1888 1090 1928 regnum
1112 1874 1295 1928 Alyattei

444 1939 612 1993 Campis
633 1939 881 1980 continuem.
941 1941 1115 1980 Mum-A
1136 1940 1370 1993 petentibus

442 2008 608 2047 Desunt
627 2006 769 2047 multa.
831 2007 944 2047 Bene
964 2014 1025 2047 est
1046 2006 1112 2047 cui
1134 2006 1251 2046 Deus
1271 2004 1422 2046 obtulit

617 2074 748 2115 Parca
768 2074 882 2127 quod
900 2073 999 2114 satis
1019 2082 1081 2114 est
1101 2086 1239 2114 manu.

756 2314 882 2354 ODE
916 2313 1071 2354 XVII.
1135 2309 1206 2360 (Μ.
1223 2314 1337 2363 xlx.)

808 2443 868 2468 AD
902 2441 1051 2467 AELIUM
1086 2439 1289 2466 LAMIAM.

445 2542 568 2591 AEm,
590 2548 752 2582 vetusto
764 2539 917 2596 *nobilis
938 2540 990 2580 ab
1012 2539 1159 2583 Lamo,

446 2608 642 2659 (Quando
663 2616 703 2648 et
724 2607 876 2662 priores
897 2606 994 2647 hinc
1017 2604 1183 2646 Lamias
1203 2605 1340 2644 ferunt

501 2674 811 2725 Denominatos,
831 2682 872 2714 et
892 2680 1085 2726 nepotum

560 2742 640 2782 Per
661 2755 855 2782 memores
876 2753 1004 2793 genus
1027 2752 1144 2780 omne
1165 2739 1288 2778 fastos

1644 804 1700 843 25

1647 1471 1703 1511 35
