1962 3268
431 290 487 342 98
861 301 900 329 Q.
934 299 1130 326 HonA'rn
1165 296 1327 327 FLAcm

491 398 663 452 Ingrato
684 396 833 438 celeres
854 395 990 437 obruit
1011 395 1094 436 otio

546 464 717 514 Ventos,
737 472 785 505 ut
805 470 967 505 caneret
987 462 1074 504 fera

491 532 654 573 Nereus
674 530 771 573 fata.
834 531 953 572 Mala
972 529 1089 571 ducis
1110 529 1178 571 avi
1200 529 1385 579 domum,

488 600 622 650 Quam
644 598 774 639 multo
793 604 951 652 repetet
971 596 1135 639 Graecia
1154 595 1300 647 milite,

488 666 714 721 Conjurata
734 674 825 707 tuas
844 679 1032 719 rumpere
1051 663 1231 719 nuptiaS,

543 734 604 774 Et
622 747 793 787 regnum
816 732 971 773 Priami
992 740 1123 773 vetus.

488 800 613 841 Eheu
633 808 809 854 quantus
829 799 958 854 equis,
980 807 1155 854 quantus
1176 799 1291 840 adest
1310 784 1408 838 viris

491 868 625 909 Sudor
642 870 650 908 ἱ
683 873 837 921 quanta
857 879 996 906 moves
1015 865 1160 905 funera
1181 865 1390 905 Dardanae

491 933 620 976 Genti
639 936 648 974 !
674 932 761 986 jam
781 932 940 986 galeam
962 931 1100 972 Pallas
1120 939 1161 972 et
1180 929 1314 985 aegida

548 1002 785 1054 Currusque
805 1006 846 1039 et
864 997 1017 1039 rabiem
1039 1004 1168 1051 parat.

488 1066 789 1121 Nequicquam,
811 1064 982 1106 Veneris
1002 1063 1196 1118 praesidio
1214 1062 1344 1111 ferox,

491 1134 638 1174 Pectes
658 1131 879 1181 caesariem,
901 1139 1099 1185 grataque
1116 1129 1297 1171 foeminis

491 1199 658 1241 Imbelli
673 1198 830 1240 cithara
851 1198 1030 1238 carmina
1049 1197 1210 1238 divides
1226 1212 1235 1237 ε

546 1266 830 1320 Nequicquam
851 1264 1031 1306 thalamo
1051 1278 1196 1318 graves

491 1334 649 1374 Hastas
669 1340 709 1374 et
730 1331 874 1373 calami
890 1331 1049 1385 spicula
1068 1330 1232 1372 Gnossii

490 1400 668 1450 Vstabis,
691 1398 1001 1452 strepitumque,
1024 1406 1064 1439 et
1085 1398 1255 1439 celerem
1277 1396 1390 1451 sequi

489 1467 667 1521 Ajacem.
731 1467 892 1506 Tamen
914 1464 1022 1505 heu!
1056 1477 1168 1505 serus
1188 1453 1394 1504 adulteros

550 1533 698 1574 Crines
717 1531 889 1586 pulvere
909 1530 1090 1571 collines.

492 1602 590 1642 Non
611 1598 878 1648 Laertiaden,
900 1597 1069 1639 exitium
1092 1605 1176 1638 tuae

493 1665 658 1716 Gentis,
678 1679 762 1705 non
783 1663 952 1718 Pylium
973 1665 1150 1706 Nestora
1169 1664 1368 1719 respicis?

492 1733 687 1787 Urguent
706 1731 906 1785 impavidi
927 1739 967 1772 te
989 1731 1236 1772 Salaminius

552 1801 731 1849 Teucer,
753 1806 793 1838 te
817 1797 1036 1839 Sthenelus
1056 1798 1187 1839 sciens

494 1868 669 1919 Pugnae,
691 1864 779 1905 sive
798 1879 901 1918 opus
921 1872 982 1906 est
1002 1864 1235 1918 imperitare
1254 1864 1384 1919 equis,

493 1933 590 1973 Non
607 1930 749 1984 auriga
765 1929 894 1983 piger.
955 1930 1175 1971 Merionen
1195 1945 1356 1986 quoque

493 1999 671 2040 Nosces:
704 2010 796 2037 ecce
814 1995 916 2036 furit
937 2003 977 2036 te
996 1996 1171 2049 reperire
1190 2005 1310 2038 atrox

552 2063 757 2119 Tydides,
778 2062 923 2104 melior
940 2069 1080 2116 patre:

493 2133 627 2182 Quem
647 2138 708 2180 tu,
730 2143 874 2171 cervus
892 2127 955 2169 uti
975 2128 1094 2169 vallis
1113 2129 1157 2169 in
1177 2129 1305 2170 altera

494 2198 640 2239 Visum
660 2203 775 2251 parte
794 2196 939 2250 lupum
959 2195 1154 2250 graminis
1169 2195 1394 2246 immemor,

498 2263 674 2307 Sublimi
693 2262 828 2317 fugies
848 2261 983 2303 mollis
1003 2260 1202 2312 anhelitu,

551 2332 650 2372 Non
667 2330 747 2371 hoc
764 2328 973 2383 pollicitus
993 2336 1090 2369 tuae.

496 2391 704 2439 Iracunda
722 2396 830 2438 diem
851 2394 1028 2449 proferet
1049 2395 1127 2435 Ilio

495 2466 783 2518 Matronlsque
804 2462 1020 2516 Phrygum
1043 2461 1182 2502 classis
1202 2461 1391 2503 Achillei.

483 2532 596 2575 ,Post
617 2539 745 2573 certas
764 2530 932 2584 hyemes
952 2535 1044 2570 uret
1064 2526 1269 2570 Achaicus

552 2598 668 2653 Ignis
687 2598 930 2650 Pergameas
951 2595 1104 2635 domos.

1695 862 1750 902 10

1698 1195 1752 1236 15

1698 1531 1754 1571 20

1699 1864 1755 1904 25
