1962 3268
325 275 409 330 174
758 292 796 321 Q.
831 290 1024 318 nomm
1058 290 1221 320 FLAccx

324 387 442 437 Quid
457 389 559 431 mihi
570 389 717 432 Celsus
735 390 847 446 agit?
865 390 1046 432 monitus
1060 391 1317 447 multumque
1334 390 1575 442 monendus,
1591 391 1646 432 15
1663 419 1673 428 ‚

321 457 510 499 Privatas
530 466 576 499 ut
596 467 754 514 quaerat
774 473 886 514 opes,
908 467 949 501 et
970 467 1138 514 tangere
1159 459 1262 501 vitet

324 524 500 579 Scripta,
524 525 741 567 Palatinus
761 541 1030 582 quaecumque
1056 527 1210 582 recepit
1232 527 1411 582 Apollo;

321 592 402 644 Ne,
423 592 458 633 si
476 592 582 634 forte
602 608 694 635 suas
714 594 934 649 repetitum
956 593 1113 636 venerit
1133 593 1228 635 olim

321 660 437 702 Grex
457 660 594 702 avium
617 661 793 716 plumas,
816 670 978 703 moveat
998 661 1205 703 cornicula
1225 661 1351 702 risum

321 728 508 770 Furtivis
528 730 685 771 nudata
706 730 920 771 coloribus.
983 730 1080 784 Ipse
1099 729 1200 784 quid
1219 729 1376 770 audes?
1589 730 1645 770 20

321 796 425 846 Quae
446 796 749 838 circumvolitas
770 797 889 852 agilis
911 796 1085 851 thyma?
1116 811 1198 837 non
1219 796 1295 838 tibi
1315 810 1487 851 parvum

321 863 559 917 Ingenium,
582 878 663 904 non
685 863 885 904 incultum
915 871 991 913 est,
1012 877 1087 903 nec
1110 863 1284 917 turpiter
1303 863 1471 904 hirtum.

321 930 404 972 Seu
423 930 606 984 linguam
628 929 760 971 causis
781 930 908 980 acuis,
931 944 1002 970 seu
1023 930 1153 971 civica
1165 931 1262 985 jura

318 997 591 1052 Respondere
611 1011 746 1051 paras,
769 1011 842 1038 seu
862 996 1004 1038 condis
1026 996 1201 1038 amabile
1222 1011 1384 1038 carmen
1401 1013 1413 1044 ;

319 1063 460 1105 Prima
479 1063 584 1104 feres
608 1063 773 1105 hederae
794 1063 973 1105 victricis
993 1063 1185 1119 praemia:
1218 1064 1330 1120 quod
1349 1065 1383 1105 si
1515 1060 1523 1065 ’
1588 1066 1643 1107 25

321 1131 497 1186 Frigida
517 1145 707 1173 curarum
727 1131 909 1173 fomenta
928 1131 1157 1187 relinquere
1176 1146 1329 1186 posses,

319 1200 413 1250 Quo
434 1207 475 1240 te
495 1198 674 1240 coelestis
695 1199 896 1253 sapientia
917 1199 1099 1248 duceret,
1114 1199 1210 1243 eires.

318 1268 417 1308 Hoc
438 1281 554 1322 opus,
576 1266 655 1308 hoc
675 1266 857 1307 studium
878 1266 994 1321 parvi
1015 1281 1277 1322 properemus
1297 1275 1338 1308 et
1358 1266 1498 1321 ampli,

320 1334 364 1375 Si
385 1334 529 1389 patriae
550 1334 755 1384 volumus,
778 1334 811 1374 si
833 1334 949 1375 nobis
971 1333 1108 1375 vivere
1128 1334 1224 1376 cari.

317 1401 458 1443 Debes
478 1399 557 1442 hoc
579 1400 702 1442 etiam
725 1401 961 1451 rescribere,
984 1401 1017 1441 si
1039 1401 1114 1442 tibi
1136 1417 1260 1451 curae,
1585 1402 1643 1442 30

318 1468 495 1518 Quantae
516 1468 751 1517 conveniat,
770 1468 1015 1509 Munatius:
1049 1483 1101 1510 an
1122 1469 1230 1510 male
1250 1477 1358 1510 sarta

318 1535 466 1577 Gratia
485 1535 755 1591 nequicquam
777 1535 873 1586 coit,
890 1543 931 1576 et
951 1535 1227 1577 rescinditur?
1259 1538 1323 1577 At
1343 1550 1415 1577 vos

318 1603 402 1644 Seu
422 1603 579 1644 calidus
603 1604 786 1658 sanguis,
809 1618 882 1645 seu
900 1618 1036 1645 rerum
1058 1603 1221 1646 inscitia
1242 1613 1378 1656 vexat,

316 1670 527 1711 Indomita
548 1671 705 1712 cervice
734 1671 869 1719 fei-083
903 1671 1137 1727 ubicunque
1156 1672 1336 1713 locorum

318 1737 484 1787 Vivitis,
506 1738 668 1793 indigni
687 1738 914 1780 fraternum
935 1753 1125 1794 rumpere
1144 1740 1294 1788 foedus,
1584 1740 1641 1781 35

316 1805 505 1847 Pascitur
524 1806 567 1846 in
589 1814 768 1847 vestrum
790 1807 967 1848 reditum
989 1807 1129 1849 votiva
1141 1808 1334 1863 juvenca.

763 2070 1077 2112 EPISTOLA
1113 2073 1188 2112 IV.

703 2185 763 2211 AD
787 2173 973 2212 ‘ALmUM
1007 2185 1256 2213 TIBULLUM.

316 2274 455 2323 ALBI,
476 2280 705 2313 nostrorum
729 2286 958 2314 sermonum
982 2273 1155 2316 candide
1167 2273 1315 2328 judex,

316 2340 429 2391 Quid
448 2354 558 2381 nunc
580 2348 619 2380 te
647 2339 780 2391 dicam
801 2339 934 2381 facere
955 2340 999 2381 in
1018 2340 1184 2395 regione
1205 2341 1406 2383 Pedana?

318 2407 503 2449 Scribere
523 2407 634 2462 quod
656 2407 773 2448 Cassi
793 2407 1027 2448 Parmensis
1048 2407 1244 2462 opuscula
1265 2407 1436 2449 vincat?

315 2474 579 2515 An'tacitum
601 2474 723 2514 silvas
745 2474 851 2515 inter
870 2482 1029 2529 reptare
1050 2474 1246 2525 salubres,

317 2543 541 2583 Curantem
565 2540 761 2596 quicquid
781 2541 953 2595 dignum
975 2541 1157 2596 sapiente
1177 2541 1364 2595 bonoque
1383 2543 1478 2582 est?
1607 2544 1634 2583 5

316 2611 414 2661 Non
435 2617 481 2650 tu
501 2622 646 2663 corpus
667 2621 754 2648 eras
775 2607 863 2648 sine
882 2616 1057 2661 pectore.
1117 2607 1192 2648 Dii
1212 2607 1287 2648 tibi
1306 2607 1493 2659 formam,

317 2677 392 2719 Dii
412 2676 486 2718 tibi
507 2674 673 2717 divitias
694 2674 910 2724 dederunt,
931 2682 1139 2729 artemque
1158 2674 1334 2716 fruendi.

317 2744 429 2795 Quid
451 2750 597 2784 voveat
617 2741 730 2783 dulci
749 2741 954 2783 nutricula
975 2742 1105 2796 majus
1124 2741 1303 2792 alumno,
