1962 3268
753 511 805 558 Q.
836 512 1096 554 HORATII
1127 513 1345 556 FLAcm

568 627 1587 695 EPISTOLARUM>

834 765 1001 804 LIBER
1036 766 1261 806 PRIMUS.

853 958 1171 1003 EPISTOLA
1204 962 1241 1002 Ι.

831 1075 892 1102 ΑΙ)
925 1075 1243 1103 MAECENATEM.

386 1168 546 1209 PMMA
569 1166 678 1209 dicte
699 1167 816 1218 mihi,
839 1181 999 1209 summa
1019 1167 1191 1209 dicende
1213 1167 1426 1219 Camoena,

387 1236 624 1289 Spectatum
646 1235 760 1286 satis,
780 1243 821 1276 et
841 1236 1038 1277 donatum
1052 1235 1140 1290 jam
1160 1236 1279 1286 rude,
1300 1236 1466 1290 quaeris,

387 1303 614 1353 Maecenas,
636 1302 785 1344 iterum
806 1303 974 1359 antiquo
994 1317 1060 1344 me
1079 1302 1291 1344 includere
1309 1303 1421 1344 ludo.

386 1371 484 1411 Non
505 1370 645 1411 eadem
667 1378 728 1412 est
749 1379 864 1421 aetas,
885 1385 968 1411 non
988 1384 1116 1411 menS.
1176 1370 1374 1411 Veianius
1395 1370 1517 1412 armis

386 1438 583 1480 Herculis
603 1439 655 1480 ad
675 1447 831 1493 postem
853 1438 960 1488 fixis,
981 1438 1082 1479 latet
1102 1437 1266 1494 abditus
1282 1452 1396 1492 agro,
1679 1440 1707 1480 5

386 1506 453 1547 Ne
473 1506 671 1561 populum
694 1514 876 1547 extrema
897 1505 1016 1547 toties
1037 1513 1177 1546 exoret
1197 1519 1333 1546 arena.

384 1575 466 1615 Est
485 1573 588 1614 mihi
607 1582 824 1629 purgatam
845 1573 986 1616 crebro
1007 1573 1078 1629 qui
1097 1580 1286 1627 personet
1306 1587 1466 1622 aurem3

386 1642 508 1683 Solve
529 1650 803 1683 senescentem
819 1650 977 1683 mature
998 1655 1120 1682 sanus
1141 1654 1305 1696 equum,
1327 1655 1380 1682 ne

380 1709 531 1751 Peccet
551 1710 604 1751 ad
625 1718 851 1752 extremum
871 1709 1081 1758 ridendus,
1106 1716 1147 1750 et
1166 1707 1239 1749 ilia
1258 1708 1395 1750 ducat.

381 1777 509 1818 Nunc
528 1776 666 1832 itaque
688 1785 729 1819 et
748 1791 888 1819 versus
909 1785 950 1818 et
970 1783 1117 1818 caetera
1136 1775 1295 1818 ludicra
1316 1791 1447 1831 pono:
1652 1778 1707 1820 10

384 1845 497 1895 Quid
517 1860 657 1887 verum
679 1854 801 1901 atque
821 1846 984 1896 decens,
1007 1860 1104 1887 curo
1125 1853 1167 1886 et
1194 1859 1307 1899 rogo,
1337 1853 1378 1886 et
1405 1845 1538 1887 omnis
1565 1846 1608 1886 in
1628 1845 1706 1888 hoc

383 1912 529 1953 Condo
549 1920 590 1953 et
610 1926 808 1967 compono
827 1927 920 1967 quae
940 1926 1037 1953 mox
1055 1913 1291 1966 depromere
1312 1912 1477 1966 possim.
1566 1913 1675 1965 [sum
1692 1929 1702 1954 ε

382 1979 444 2020 Ac
464 1993 516 2020 ne
534 1979 639 2021 forte
659 1994 790 2033 roges,
811 1994 891 2034 quo
910 1993 976 2021 me
996 1979 1115 2029 duce,
1129 1985 1217 2033 'quo
1237 1979 1321 2019 lare
1343 1987 1472 2020 tuter:

385 2046 554 2088 Nullius
576 2046 789 2088 addictus
773 2061 912 2100 jurare
931 2047 975 2088 in
996 2047 1118 2088 verba
1139 2046 1339 2101 magistri,

386 2114 478 2165 Quo
499 2129 563 2156 me
585 2129 758 2170 cumque
778 2115 886 2170 rapit
907 2123 1142 2169 tempestaS‚
1165 2113 1326 2155 deferor
1346 2114 1506 2188 hospes.
1651 2117 1706 2158 15

384 2184 509 2224 Nunc
530 2182 648 2238 agilis
663 2183 732 2233 fio,
754 2191 795 2224 et
816 2197 967 2224 mersor
988 2181 1177 2223 civilibus
1196 2181 1333 2232 undis,

382 2250 560 2292 Virtutis
580 2265 688 2292 verae
710 2259 846 2292 custos
865 2250 1103 2305 rigidusque
1123 2249 1309 2291 satelles:

383 2319 508 2360 Nunc
527 2319 569 2359 in
590 2318 798 2373 Aristippi
818 2318 958 2359 furtim
979 2325 1186 2372 praecepta
1206 2317 1376 2366 relabor,

383 2387 443 2426 Et
464 2385 566 2426 mihi
586 2387 667 2435 reS‚'
686 2401 768 2427 non
789 2400 854 2427 me
873 2386 994 2427 rebus
1016 2385 1262 2439 subjungere
1283 2398 1417 2425 conor.

381 2454 446 2495 Ut
466 2468 548 2494 nox
567 2454 706 2508 longa,
729 2453 876 2508 quibus
896 2452 1093 2494 mentitur
1111 2451 1253 2502 amica,
1275 2452 1442 2506 diesque
1648 2453 1703 2493 20

381 2521 521 2576 Lenta¹
538 2521 702 2562 videtur
722 2536 823 2575 opus
844 2520 1113 2566 debentibus;
1146 2526 1194 2559 ut
1213 2518 1330 2572 piger
1350 2533 1480 2559 annus

383 2587 577 2643 Pupillis,
598 2603 699 2643 quos
719 2589 822 2629 dura
841 2588 990 2642 premit
1011 2585 1196 2628 custodia
1215 2593 1390 2626 matrum
1407 2602 1415 2626 ;

380 2656 450 2697 ¹Sic
470 2655 573 2697 mihi
594 2655 710 2697 tarda
730 2654 863 2696 fluunt
883 2654 1122 2709 ingrataque
1144 2660 1339 2707 tempora,
1361 2668 1453 2708 quae
1474 2668 1586 2708 spem

383 2723 693 2778 Consiliumque
714 2731 922 2764 morantur
942 2720 1090 2776 agendi
1111 2720 1298 2775 gnaviter
1318 2720 1361 2762 id
1381 2722 1491 2776 quod
