1962 3268
427 333 482 372 44
850 348 890 377 Q.
923 348 1119 377 HonATu
1154 348 1318 379 FLAcc1

427 444 503 485 Dii
523 443 599 486 tibi
619 444 719 485 dent
739 454 859 501 capta
879 447 1048 489 classem
1069 449 1264 492 reducere
1286 451 1416 506 Troja
1437 448 1446 491 !

426 512 543 566 Ergo
563 512 787 563 consulere,
811 522 852 555 et
871 529 966 556 mox
984 517 1228 571 respondere
1246 517 1415 559 licebit?

427 579 465 626 ῚῙ
490 580 681 621 Consule.
744 581 782 628 Ἥ
805 582 893 624 Cur
906 582 1015 638 Ajax
1035 583 1154 624 heros
1170 584 1222 625 ab
1245 584 1413 626 Achille
1434 586 1638 627 secundus

426 646 629 698 Putescit,
651 647 771 689 toties
792 648 961 690 servatis
984 649 1116 692 clarus
1139 651 1330 703 Achivis,

427 714 621 756 Gaudeat
640 723 687 756 ut
706 716 883 770 populus
902 717 1056 759 Priami
1079 718 1347 775 Priamusque
1368 719 1597 772 inhumato,
1659 721 1743 766 195

426 782 509 822 Per
526 796 645 836 quem
667 790 728 823 tot
741 783 917 838 juvenes
938 785 1070 839 patrio
1090 800 1252 827 caruere
1273 786 1489 842 sepulchro
1506 790 1523 828 Ρ

426 850 464 897 ql
487 849 608 890 Mille
629 850 766 890 ovium
788 851 955 892 insanus
975 852 1097 892 morti
1118 853 1255 899 dedit;
1289 853 1490 908 inclytum
1512 855 1710 909 Ulyssem

424 918 486 958 Et
508 917 749 958 Menelaum
771 932 854 958 una
874 932 1033 959 mecum
1056 933 1097 959 se
1117 919 1300 960 occidere
1320 920 1513 962 clamans.

424 986 458 1035 ἹῘ
480 985 552 1024 Tu
572 997 664 1024 cum
685 998 759 1038 pro
780 983 911 1025 vitula
932 985 1076 1026 statuis
1097 986 1257 1034 dulcem
1281 987 1438 1028 Aulide
1458 997 1597 1029 natam

425 1049 538 1092 Ante
553 1065 657 1101 aras,
678 1051 916 1106 spargisque
936 1052 1044 1092 mola
1065 1060 1202 1106 caput,
1224 1052 1422 1107 improbe,
1444 1054 1562 1102 salsa,
1658 1057 1744 1098 200

423 1119 604 1159 Rectum
613 1118 739 1159 animi
748 1119 1151 1169 servasHiQuorsum
1158 1122 1175 1159 ?
1182 1120 1217 1167 ἾῙ
1226 1121 1400 1161 Insanus
1411 1121 1509 1176 quid
1519 1121 1625 1163 enim
1631 1122 1744 1178 Ajax

423 1185 557 1236 Fecit,
580 1199 672 1226 cum
695 1185 839 1226 stravit
857 1186 963 1227 ferro
982 1190 1138 1240 pecus?
1169 1187 1368 1228 abstinuit
1389 1189 1471 1229 vim

422 1253 566 1293 Uxore
587 1261 627 1293 et
647 1261 787 1306 gnato,
810 1253 917 1294 mala
936 1253 1066 1294 multa
1087 1264 1275 1308 precatus
1297 1255 1472 1296 Atridis.

423 1319 520 1360 Non
539 1319 611 1360 ille
631 1327 703 1360 aut
725 1320 951 1369 Teucrum,
973 1329 1045 1361 aut
1065 1320 1200 1375 ipsum
1223 1321 1392 1363 violavit
1413 1323 1626 1377 Ulyssem.

424 1386 461 1433 ΊῙ
481 1387 631 1427 Verum
654 1401 744 1440 ego,
767 1396 813 1427 ut
834 1387 1036 1428 haerentes
1057 1388 1227 1428 adverso
1248 1388 1385 1429 littore
1403 1403 1527 1430 naves
1653 1391 1738 1431 205

422 1453 653 1507 Eriperem,
675 1454 855 1507 prudens
875 1454 1035 1508 placavi
1053 1455 1249 1509 sanguine
1271 1455 1400 1496 divos.

423 1521 460 1567 Ἥ
484 1521 645 1575 Nempe
666 1530 751 1571 tu0,
767 1520 930 1561 furiose.
994 1521 1030 1567 ἿῙ
1047 1522 1171 1568 Me0;
1206 1523 1277 1563 sed
1297 1537 1380 1563 non
1399 1523 1592 1565 furiosus.

423 1585 459 1632 ἿῘ
485 1585 567 1635 Qui
589 1584 742 1639 species
763 1585 862 1626 alias
884 1585 970 1626 veri
991 1585 1233 1640 scelerisque
1255 1587 1436 1628 tumultu

422 1652 647 1693 Permistas
667 1652 814 1706 capiet,
837 1661 1063 1693 commotus
1082 1652 1322 1700 habebitur;
1355 1662 1491 1709 atque,

424 1716 663 1758 Stultitiane
684 1725 803 1766 erret,
825 1717 1001 1758 nihilum
1024 1717 1207 1765 distabit,
1231 1732 1282 1759 an
1303 1717 1377 1759 ira.
1654 1721 1739 1762 210

422 1783 534 1838 Ajax
554 1798 645 1824 cum
667 1783 891 1824 immeritos
912 1784 1076 1835 occidit,
1099 1785 1263 1839 desipit,
1285 1789 1444 1840 agnos?

423 1852 530 1891 Cum
552 1850 731 1903 prudens
752 1851 882 1891 scelus
903 1852 955 1892 ob
976 1852 1117 1892 titulos
1137 1852 1320 1893 admittis
1341 1852 1497 1902 inanes,

424 1919 516 1958 Stas
537 1916 700 1957 animo?
722 1925 763 1957 et
778 1931 926 1970 purum
943 1927 1003 1958 est
1020 1919 1121 1959 vitio
1137 1919 1211 1960 tibi
1232 1934 1322 1960 cum
1339 1920 1541 1961 tumidum
1557 1928 1618 1961 est
1638 1923 1738 1961 cor?

424 1983 561 2038 Siquis
581 1983 726 2023 lectica
745 1982 918 2023 nitidam
940 1993 1099 2038 gestare
1119 1993 1227 2026 amet
1247 2001 1410 2040 agnam,

423 2051 538 2092 Huic
559 2040 712 2091 vestem
734 2059 781 2091 ut
801 2060 937 2105 gnatae
957 2060 1086 2105 paret,
1109 2053 1278 2094 ancillas
1299 2061 1430 2107 paret,
1452 2068 1612 2104 aurum,
1653 2055 1738 2095 215

422 2117 575 2159 Rufam
598 2126 639 2158 et
659 2117 859 2158 Rufillam
881 2118 1074 2172 appellet,
1086 2119 1262 2174 fortique
1279 2120 1424 2161 marito

421 2185 615 2227 Destinet
635 2199 800 2225 uxorem
817 2201 828 2231 ς
861 2184 1079 2226 interdicto
1099 2185 1196 2227 huic
1217 2200 1336 2227 omne
1356 2186 1511 2228 adimat
1524 2186 1596 2240 jus

422 2253 596 2303 Praetor,
618 2260 659 2293 et
678 2252 731 2293 ad
752 2266 869 2292 sanos
890 2252 1009 2293 abeat
1029 2253 1159 2294 tutela
1180 2254 1440 2309 propinquos.

422 2319 565 2370 Quid?
597 2319 722 2373 siquis
742 2326 908 2373 gnatam
930 2333 1004 2373 pro
1024 2328 1139 2361 muta
1160 2321 1336 2362 devovet
1356 2336 1478 2376 agna,

423 2387 592 2440 Integer
612 2394 673 2426 est
693 2385 848 2426 animi?
868 2400 920 2426 ne
940 2386 1104 2427 dixeris.
1165 2388 1295 2441 Ergo,
1316 2387 1387 2428 ubi
1409 2402 1533 2441 prava
1654 2389 1739 2429 220

372 2482 374 2487 .
424 2452 623 2501 Stultitia,
644 2451 713 2492 hic
733 2460 794 2493 est
810 2467 967 2493 summa
987 2452 1145 2494 insania
1163 2469 1171 2493 :
1205 2453 1274 2507 qui
1296 2453 1527 2503 sceleratus,

422 2520 482 2561 Et
494 2518 670 2559 furiosus
691 2518 792 2565 erit;
827 2533 946 2573 quem
970 2519 1079 2573 cepit
1099 2519 1229 2560 vitrea
1248 2518 1370 2568 fama,

422 2582 551 2625 Hunc
572 2584 860 2625 circumtonuit
878 2587 1061 2640 gaudens
1082 2586 1255 2627 Bellona
1276 2585 1465 2627 cruentis.

351 2660 353 2664 '
421 2652 546 2692 Nunc
566 2665 656 2705 age,
675 2651 876 2692 luxuriam
899 2660 940 2693 et
960 2654 1264 2694 Nomentanum
1284 2652 1416 2706 arripe
1436 2666 1593 2695 mecum
1611 2671 1620 2695 ;

422 2719 570 2760 Vincet
592 2717 698 2759 enim
721 2717 867 2759 stultos
887 2719 990 2760 ratio
1011 2719 1188 2760 insanire
1209 2729 1389 2774 nepotes
1651 2723 1736 2763 225

425 2785 510 2826 Hic
530 2784 651 2825 simul
671 2785 827 2840 accepit
847 2786 1066 2840 patrimoni
1087 2786 1198 2827 mille
1221 2786 1387 2836 talenta,

424 2850 581 2901 Edicit,
604 2851 779 2905 piscator
800 2852 874 2901 uti,
897 2853 1116 2906 pomariuS,
1141 2857 1303 2907 aucepS,
