1962 3268
408 269 492 311 138
848 287 892 316 Q.
925 284 1123 315 HonA'rn
1155 285 1317 318 'FLAcm

464 382 558 422 Hac
578 390 664 424 arte
685 383 835 425 Pollux
859 394 902 427 et
920 400 1050 441 vagus
1068 389 1272 432 Hercules

461 448 631 500 Enisus‚
653 465 763 492 arces
783 452 921 508 attigit
941 453 1104 509 igneas;

519 517 632 566 Quos
653 517 759 560 inter
778 520 994 575 Augustus
1013 525 1251 567 recumbens

579 585 795 640 Purpureo
814 587 917 629 bibit
936 603 1005 631 ore
1024 599 1188 633 nectar:

461 652 557 693 Hac
579 660 618 693 te
638 662 874 705 merentem,
900 653 1063 700 Bacche
1082 668 1212 714 pater,
1235 669 1318 703 tuae

459 720 621 762 Vexere
642 720 766 775 tigres
786 721 955 765 indocili
969 725 1118 780 jugum

517 787 638 829 Collo
659 788 883 832 trahentes:
916 791 993 833 hac
1014 794 1210 844 Quirinus

574 855 725 897 Martis
745 857 859 911 equis
875 857 1110 902 Acheronta
1129 861 1255 916 fugit,

459 925 635 965 Gratum
657 923 818 964 elocuta
837 925 1148 967 consiliantibus

455 991 486 1030 J
489 1005 624 1031 unone
645 989 791 1031 Divis:
829 991 953 1041 Ilion,
978 992 1088 1034 Ilion

513 1056 671 1099 Fatalis
690 1057 949 1114 incestusque
962 1060 1107 1114 judex,

569 1126 630 1166 Et
650 1124 796 1166 mulier
815 1127 1030 1181 peregrina
1051 1129 1175 1170 vertit

457 1193 508 1233 In
530 1192 755 1247 pulverem,
777 1207 826 1235 ex
847 1208 928 1249 quo
947 1195 1136 1238 destituit
1156 1198 1270 1239 Deos

454 1259 651 1301 Mercede
672 1268 791 1314 pacta
813 1261 1068 1313 Laomedon,
1090 1263 1193 1305 mihi

511 1328 730 1382 Castaeque
750 1327 987 1369 damnatum
1011 1329 1218 1372 Minervae

568 1395 676 1436 Cum
698 1395 850 1449 populo
870 1404 915 1450 et¹
931 1396 1035 1438 duce
1054 1396 1327 1441 fraudulento.

451 1465 481 1504 J
485 1477 549 1505 am
565 1476 641 1503 nec
663 1462 858 1503 Lacaenae
879 1462 1067 1517 splendet
1087 1465 1284 1507 adulterae

452 1532 653 1572 Famosus
671 1528 836 1584 hospes,
856 1544 932 1571 nec
952 1530 1108 1572 Priami
1128 1532 1274 1575 domus

507 1598 681 1653 Perjura
699 1612 906 1653 pugnaces
922 1598 1110 1641 Achivos

570 1665 788 1706 Hectoreis
809 1665 956 1720 opibus
973 1666 1165 1722 refringit
1182 1685 1193 1716 ;

448 1732 693 1788 Nostrisque
715 1732 885 1774 ductum
908 1733 1176 1777 seditionibus

450 1801 615 1843 Bellum
632 1799 782 1841 resedit
799 1816 807 1841 :
840 1801 1027 1855 protinus
1047 1811 1088 1844 et
1108 1818 1253 1858 graves

508 1869 615 1916 Iras‚
637 1876 679 1909 et
698 1867 875 1909 invisum
898 1878 1106 1924 nepotem,

563 1934 716 1975 Troica
735 1948 855 1988 quem
875 1936 1034 1989 peperit
1054 1940 1254 1989 sacerdos,

449 2001 579 2043 Marti
600 2001 815 2042 redonabo.
878 2001 1005 2043 Illum
1027 2018 1102 2058 ego
1122 2005 1279 2047 lucidas

451 2069 563 2111 Inire
583 2068 713 2118 sedes,
735 2067 884 2109 ducere
904 2068 1105 2111 n'ect‘ari's''
1189 2073 1194 2075 ⁷
1223 2074 1226 2075 ⁷

506 2138 671 2186 Succos,
694 2143 735 2176 et
755 2135 931 2177 adscribi
952 2137 1101 2191 quietis

566 2202 793 2245 Ordinibus
813 2203 947 2258 patiar
967 2205 1164 2247 Deorum.

446 2273 561 2312 Dum
581 2270 729 2326 longus
749 2270 857 2311 inter
878 2271 1021 2314 saeviat
1044 2273 1153 2314 Ilion

446 2340 704 2393 Romamque
723 2345 888 2392 pontus,
908 2339 1091 2394 qualibet
1110 2343 1268 2384 exsules

504 2406 556 2446 In
577 2413 692 2459 parte
712 2413 909 2459 regnanto
925 2406 1031 2447 beati
1047 2423 1055 2447 ε

558 2473 671 2512 Dum
689 2471 843 2513 Priami
865 2472 1108 2529 Paridisque
1128 2476 1248 2517 busto

446 2539 625 2581 Insultet
645 2547 889 2590 armentum,
912 2549 952 2581 et
974 2542 1129 2583 catulos
1148 2543 1245 2585 ferae

445 2606 592 2648 Celent
611 2605 779 2652 inultae;
813 2615 892 2648 stet
914 2607 1165 2663 Capitolium

501 2673 700 2727 Fulgens‚
718 2673 1060 2730 triumphatisque
1081 2677 1208 2730 possit

562 2742 696 2782 Roma
716 2740 829 2783 ferox
849 2741 945 2783 dare
959 2742 1054 2797 jura
1076 2736 1224 2787 Medis.

1668 465 1722 506 10

1660 1136 1716 1177 20

1658 1473 1713 1514 25

1651 1811 1712 1851 30

1651 2148 1707 2188 35

1646 2485 1700 2525 40
