<?xml version="1.0" encoding="UTF-8"?>
<!DOCTYPE html PUBLIC "-//W3C//DTD XHTML 1.0 Transitional//EN"
    "http://www.w3.org/TR/xhtml1/DTD/xhtml1-transitional.dtd">
<html xmlns="http://www.w3.org/1999/xhtml" xml:lang="en" lang="en">
 <head>
  <title>
</title>
<meta http-equiv="Content-Type" content="text/html;charset=utf-8" />
  <meta name='ocr-system' content='tesseract 3.04.00' />
  <meta name='ocr-capabilities' content='ocr_page ocr_carea ocr_par ocr_line ocrx_word'/>
</head>
<body>
  <div class='ocr_page' id='page_1' title='image "./horatiusrestitut00horauoft_0445.png"; bbox 0 0 1962 3268; ppageno 0'>
   <div class='ocr_carea' id='block_1_1' title="bbox 0 215 14 448">
    <p class='ocr_par' dir='ltr' id='par_1_1' title="bbox 0 215 14 448">
     <span class='ocr_line' id='line_1_1' title="bbox 0 215 14 448; textangle 90"><span class='ocrx_word' id='word_1_1' title='bbox 0 441 3 448; x_wconf 85' lang='lat'><em>-</em></span> <span class='ocrx_word' id='word_1_2' title='bbox 0 362 5 387; x_wconf 55' lang='lat' dir='ltr'><strong>&lt;w</strong></span> <span class='ocrx_word' id='word_1_3' title='bbox 0 327 5 355; x_wconf 52' lang='lat' dir='ltr'><strong>w-</strong></span> <span class='ocrx_word' id='word_1_4' title='bbox 0 215 14 317; x_wconf 49' lang='lat' dir='ltr'><strong>-yj-v-</strong></span> 
     </span>
    </p>
   </div>
   <div class='ocr_carea' id='block_1_2' title="bbox 605 311 1148 352">
    <p class='ocr_par' dir='ltr' id='par_1_2' title="bbox 605 311 1148 352">
     <span class='ocr_line' id='line_1_2' title="bbox 605 311 1148 352; baseline 0 -3"><span class='ocrx_word' id='word_1_5' title='bbox 605 319 858 351; x_wconf 73' lang='lat' dir='ltr'><strong>cAaunwu</strong></span> <span class='ocrx_word' id='word_1_6' title='bbox 883 320 981 350; x_wconf 75' lang='lat' dir='ltr'><strong>un.</strong></span> <span class='ocrx_word' id='word_1_7' title='bbox 1014 322 1075 352; x_wconf 80' lang='grc' dir='ltr'><strong>ιν.</strong></span> <span class='ocrx_word' id='word_1_8' title='bbox 1108 311 1148 351; x_wconf 88' lang='grc'><strong>8.</strong></span> 
     </span>
    </p>
   </div>
   <div class='ocr_carea' id='block_1_3' title="bbox 349 419 1345 681">
    <p class='ocr_par' dir='ltr' id='par_1_3' title="bbox 355 419 1276 541">
     <span class='ocr_line' id='line_1_3' title="bbox 357 419 1276 478; baseline 0.003 -15"><span class='ocrx_word' id='word_1_9' title='bbox 357 419 608 471; x_wconf 82' lang='lat' dir='ltr'><strong>Graiorum3</strong></span> <span class='ocrx_word' id='word_1_10' title='bbox 641 435 775 478; x_wconf 90' lang='lat' dir='ltr'><strong>neque</strong></span> <span class='ocrx_word' id='word_1_11' title='bbox 796 429 843 464; x_wconf 89' lang='lat' dir='ltr'><strong>tu</strong></span> <span class='ocrx_word' id='word_1_12' title='bbox 860 421 1040 478; x_wconf 86' lang='lat' dir='ltr'><strong>pessima</strong></span> <span class='ocrx_word' id='word_1_13' title='bbox 1058 435 1276 466; x_wconf 89' lang='lat' dir='ltr'><strong>munerum</strong></span> 
     </span>
     <span class='ocr_line' id='line_1_4' title="bbox 355 487 1122 541; baseline 0.003 -11"><span class='ocrx_word' id='word_1_14' title='bbox 355 487 518 539; x_wconf 89' lang='lat' dir='ltr'><strong>Ferres,</strong></span> <span class='ocrx_word' id='word_1_15' title='bbox 539 487 672 530; x_wconf 88' lang='lat' dir='ltr'><strong>divite</strong></span> <span class='ocrx_word' id='word_1_16' title='bbox 690 502 757 530; x_wconf 88' lang='lat' dir='ltr'><strong>me</strong></span> <span class='ocrx_word' id='word_1_17' title='bbox 777 488 934 531; x_wconf 89' lang='lat' dir='ltr'><strong>scilicet</strong></span> <span class='ocrx_word' id='word_1_18' title='bbox 954 490 1122 541; x_wconf 88' lang='lat' dir='ltr'><strong>artium,</strong></span> 
     </span>
    </p>

    <p class='ocr_par' dir='ltr' id='par_1_4' title="bbox 349 556 1345 681">
     <span class='ocr_line' id='line_1_5' title="bbox 349 556 1345 615; baseline 0.001 -16"><span class='ocrx_word' id='word_1_19' title='bbox 349 557 464 607; x_wconf 78' lang='lat' dir='ltr'><strong>Quas</strong></span> <span class='ocrx_word' id='word_1_20' title='bbox 484 565 559 599; x_wconf 86' lang='lat' dir='ltr'><strong>aut</strong></span> <span class='ocrx_word' id='word_1_21' title='bbox 580 556 828 600; x_wconf 89' lang='lat' dir='ltr'><strong>Parrhasius</strong></span> <span class='ocrx_word' id='word_1_22' title='bbox 849 558 1040 613; x_wconf 87' lang='lat' dir='ltr'><strong>protulit,</strong></span> <span class='ocrx_word' id='word_1_23' title='bbox 1062 566 1136 601; x_wconf 90' lang='lat' dir='ltr'><strong>aut</strong></span> <span class='ocrx_word' id='word_1_24' title='bbox 1158 558 1315 615; x_wconf 82' lang='lat' dir='ltr'><strong>Scopas</strong></span> <span class='ocrx_word' id='word_1_25' title='bbox 1329 575 1345 607; x_wconf 64' lang='grc' dir='ltr'>ς</span> 
     </span>
     <span class='ocr_line' id='line_1_6' title="bbox 351 623 1081 681; baseline 0.003 -15"><span class='ocrx_word' id='word_1_26' title='bbox 351 623 441 666; x_wconf 86' lang='lat' dir='ltr'><strong>Hic</strong></span> <span class='ocrx_word' id='word_1_27' title='bbox 460 639 573 675; x_wconf 86' lang='lat' dir='ltr'><strong>saxo,</strong></span> <span class='ocrx_word' id='word_1_28' title='bbox 590 624 761 681; x_wconf 85' lang='lat' dir='ltr'>liquidis</span> <span class='ocrx_word' id='word_1_29' title='bbox 781 624 853 667; x_wconf 90' lang='lat' dir='ltr'><strong>ille</strong></span> <span class='ocrx_word' id='word_1_30' title='bbox 874 626 1081 668; x_wconf 90' lang='lat' dir='ltr'><strong>coloribus</strong></span> 
     </span>
    </p>
   </div>
   <div class='ocr_carea' id='block_1_4' title="bbox 350 692 1363 748">
    <p class='ocr_par' dir='ltr' id='par_1_5' title="bbox 350 692 1363 748">
     <span class='ocr_line' id='line_1_7' title="bbox 350 692 1363 748; baseline 0.003 -15"><span class='ocrx_word' id='word_1_31' title='bbox 350 692 504 734; x_wconf 79' lang='lat' dir='ltr'>Sollers</span> <span class='ocrx_word' id='word_1_32' title='bbox 523 707 636 735; x_wconf 91' lang='lat' dir='ltr'><strong>nunc</strong></span> <span class='ocrx_word' id='word_1_33' title='bbox 654 692 864 734; x_wconf 90' lang='lat' dir='ltr'><strong>hominem</strong></span> <span class='ocrx_word' id='word_1_34' title='bbox 885 707 1053 748; x_wconf 77' lang='lat' dir='ltr'><strong>ponere,</strong></span> <span class='ocrx_word' id='word_1_35' title='bbox 1075 708 1188 736; x_wconf 89' lang='lat' dir='ltr'><strong>nunc</strong></span> <span class='ocrx_word' id='word_1_36' title='bbox 1207 692 1363 736; x_wconf 80' lang='lat' dir='ltr'><strong>Deum.</strong></span> 
     </span>
    </p>
   </div>
   <div class='ocr_carea' id='block_1_5' title="bbox 329 758 1304 2509">
    <p class='ocr_par' dir='ltr' id='par_1_6' title="bbox 343 758 1262 1090">
     <span class='ocr_line' id='line_1_8' title="bbox 348 758 1250 804; baseline 0.004 -4"><span class='ocrx_word' id='word_1_37' title='bbox 348 759 433 801; x_wconf 92' lang='lat' dir='ltr'><strong>Sed</strong></span> <span class='ocrx_word' id='word_1_38' title='bbox 451 773 534 801; x_wconf 89' lang='lat' dir='ltr'><strong>non</strong></span> <span class='ocrx_word' id='word_1_39' title='bbox 555 758 647 802; x_wconf 85' lang='lat' dir='ltr'><strong>haec</strong></span> <span class='ocrx_word' id='word_1_40' title='bbox 667 758 772 801; x_wconf 88' lang='lat' dir='ltr'><strong>mihi</strong></span> <span class='ocrx_word' id='word_1_41' title='bbox 791 759 876 801; x_wconf 86' lang='lat' dir='ltr'><strong>vis:</strong></span> <span class='ocrx_word' id='word_1_42' title='bbox 909 774 987 802; x_wconf 89' lang='lat' dir='ltr'><strong>nec</strong></span> <span class='ocrx_word' id='word_1_43' title='bbox 1007 761 1084 803; x_wconf 88' lang='lat' dir='ltr'><strong>tibi</strong></span> <span class='ocrx_word' id='word_1_44' title='bbox 1104 761 1250 804; x_wconf 88' lang='lat' dir='ltr'><strong>talium</strong></span> 
     </span>
     <span class='ocr_line' id='line_1_9' title="bbox 346 825 1218 885; baseline 0.005 -17"><span class='ocrx_word' id='word_1_45' title='bbox 346 825 436 868; x_wconf 83' lang='lat' dir='ltr'><strong>Res</strong></span> <span class='ocrx_word' id='word_1_46' title='bbox 456 835 519 869; x_wconf 88' lang='lat' dir='ltr'><strong>est</strong></span> <span class='ocrx_word' id='word_1_47' title='bbox 538 836 611 870; x_wconf 91' lang='lat' dir='ltr'><strong>aut</strong></span> <span class='ocrx_word' id='word_1_48' title='bbox 631 827 795 870; x_wconf 90' lang='lat' dir='ltr'><strong>animus</strong></span> <span class='ocrx_word' id='word_1_49' title='bbox 815 827 1057 871; x_wconf 88' lang='lat' dir='ltr'><strong>deliciarum</strong></span> <span class='ocrx_word' id='word_1_50' title='bbox 1078 844 1218 885; x_wconf 88' lang='lat' dir='ltr'><strong>egens.</strong></span> 
     </span>
     <span class='ocr_line' id='line_1_10' title="bbox 346 894 1262 953; baseline 0.003 -16"><span class='ocrx_word' id='word_1_51' title='bbox 346 894 518 937; x_wconf 81' lang='lat' dir='ltr'><strong>Gaudes</strong></span> <span class='ocrx_word' id='word_1_52' title='bbox 537 895 810 938; x_wconf 80' lang='lat' dir='ltr'><strong>carminibus:</strong></span> <span class='ocrx_word' id='word_1_53' title='bbox 843 896 1025 940; x_wconf 88' lang='lat' dir='ltr'><strong>carmina</strong></span> <span class='ocrx_word' id='word_1_54' title='bbox 1043 911 1262 953; x_wconf 89' lang='lat' dir='ltr'><strong>possumus</strong></span> 
     </span>
     <span class='ocr_line' id='line_1_11' title="bbox 344 963 1170 1020; baseline 0.004 -16"><span class='ocrx_word' id='word_1_55' title='bbox 344 963 532 1016; x_wconf 90' lang='lat' dir='ltr'><strong>Donare,</strong></span> <span class='ocrx_word' id='word_1_56' title='bbox 553 972 596 1006; x_wconf 92' lang='lat' dir='ltr'><strong>et</strong></span> <span class='ocrx_word' id='word_1_57' title='bbox 615 964 794 1020; x_wconf 90' lang='lat' dir='ltr'><strong>pretium</strong></span> <span class='ocrx_word' id='word_1_58' title='bbox 816 964 953 1007; x_wconf 84' lang='lat' dir='ltr'><strong>dicere</strong></span> <span class='ocrx_word' id='word_1_59' title='bbox 973 966 1170 1009; x_wconf 87' lang='lat' dir='ltr'><strong>muneris.</strong></span> 
     </span>
     <span class='ocr_line' id='line_1_12' title="bbox 343 1031 1158 1090; baseline 0.005 -17"><span class='ocrx_word' id='word_1_60' title='bbox 343 1031 444 1073; x_wconf 92' lang='lat' dir='ltr'><strong>Non</strong></span> <span class='ocrx_word' id='word_1_61' title='bbox 463 1031 594 1074; x_wconf 87' lang='lat' dir='ltr'><strong>incisa</strong></span> <span class='ocrx_word' id='word_1_62' title='bbox 612 1032 722 1075; x_wconf 90' lang='lat' dir='ltr'><strong>notis</strong></span> <span class='ocrx_word' id='word_1_63' title='bbox 743 1046 947 1076; x_wconf 87' lang='lat' dir='ltr'><strong>marmora</strong></span> <span class='ocrx_word' id='word_1_64' title='bbox 964 1034 1158 1090; x_wconf 86' lang='lat' dir='ltr'><strong>publicis,</strong></span> 
     </span>
    </p>

    <p class='ocr_par' dir='ltr' id='par_1_7' title="bbox 338 1100 1304 1364">
     <span class='ocr_line' id='line_1_13' title="bbox 344 1100 1171 1157; baseline 0.005 -16"><span class='ocrx_word' id='word_1_65' title='bbox 344 1100 429 1142; x_wconf 89' lang='lat' dir='ltr'><strong>Per</strong></span> <span class='ocrx_word' id='word_1_66' title='bbox 447 1115 542 1157; x_wconf 89' lang='lat' dir='ltr'><strong>quae</strong></span> <span class='ocrx_word' id='word_1_67' title='bbox 563 1100 733 1156; x_wconf 89' lang='lat' dir='ltr'><strong>spiritus</strong></span> <span class='ocrx_word' id='word_1_68' title='bbox 754 1109 796 1143; x_wconf 92' lang='lat' dir='ltr'><strong>et</strong></span> <span class='ocrx_word' id='word_1_69' title='bbox 816 1101 904 1145; x_wconf 87' lang='lat' dir='ltr'><strong>vita</strong></span> <span class='ocrx_word' id='word_1_70' title='bbox 922 1102 1032 1145; x_wconf 90' lang='lat' dir='ltr'><strong>redit</strong></span> <span class='ocrx_word' id='word_1_71' title='bbox 1052 1102 1171 1145; x_wconf 87' lang='lat' dir='ltr'><strong>bonis</strong></span> 
     </span>
     <span class='ocr_line' id='line_1_14' title="bbox 343 1169 1304 1226; baseline 0.001 -14"><span class='ocrx_word' id='word_1_72' title='bbox 343 1169 448 1212; x_wconf 86' lang='lat' dir='ltr'><strong>Post</strong></span> <span class='ocrx_word' id='word_1_73' title='bbox 467 1177 641 1212; x_wconf 84' lang='lat' dir='ltr'><strong>mortem</strong></span> <span class='ocrx_word' id='word_1_74' title='bbox 662 1169 865 1219; x_wconf 80' lang='lat' dir='ltr'><strong>ducibus3</strong></span> <span class='ocrx_word' id='word_1_75' title='bbox 898 1185 983 1212; x_wconf 89' lang='lat' dir='ltr'><strong>non</strong></span> <span class='ocrx_word' id='word_1_76' title='bbox 1003 1171 1156 1213; x_wconf 86' lang='lat' dir='ltr'><strong>celeres</strong></span> <span class='ocrx_word' id='word_1_77' title='bbox 1176 1171 1304 1226; x_wconf 87' lang='lat' dir='ltr'><strong>fugae‚</strong></span> 
     </span>
     <span class='ocr_line' id='line_1_15' title="bbox 342 1237 1271 1296; baseline 0.002 -16"><span class='ocrx_word' id='word_1_78' title='bbox 342 1237 613 1296; x_wconf 87' lang='lat' dir='ltr'><strong>Rejectaeque</strong></span> <span class='ocrx_word' id='word_1_79' title='bbox 632 1247 857 1281; x_wconf 85' lang='lat' dir='ltr'><strong>retrorsum</strong></span> <span class='ocrx_word' id='word_1_80' title='bbox 876 1239 1099 1282; x_wconf 85' lang='lat' dir='ltr'><strong>Annibalis</strong></span> <span class='ocrx_word' id='word_1_81' title='bbox 1119 1240 1271 1290; x_wconf 81' lang='lat' dir='ltr'><strong>minae3</strong></span> 
     </span>
     <span class='ocr_line' id='line_1_16' title="bbox 338 1305 1115 1364; baseline 0.001 -16"><span class='ocrx_word' id='word_1_82' title='bbox 338 1307 439 1349; x_wconf 91' lang='lat' dir='ltr'><strong>Non</strong></span> <span class='ocrx_word' id='word_1_83' title='bbox 458 1305 650 1349; x_wconf 87' lang='lat' dir='ltr'><strong>incendia</strong></span> <span class='ocrx_word' id='word_1_84' title='bbox 671 1306 939 1362; x_wconf 79' lang='lat' dir='ltr'><strong>Carthaginis</strong></span> <span class='ocrx_word' id='word_1_85' title='bbox 958 1307 1115 1364; x_wconf 85' lang='lat' dir='ltr'><strong>impiae,</strong></span> 
     </span>
    </p>

    <p class='ocr_par' dir='ltr' id='par_1_8' title="bbox 330 1373 1302 2453">
     <span class='ocr_line' id='line_1_17' title="bbox 338 1373 1128 1430; baseline 0.004 -15"><span class='ocrx_word' id='word_1_86' title='bbox 338 1373 448 1429; x_wconf 87' lang='lat' dir='ltr'><strong>Ejus</strong></span> <span class='ocrx_word' id='word_1_87' title='bbox 467 1373 541 1430; x_wconf 92' lang='lat' dir='ltr'><strong>qui</strong></span> <span class='ocrx_word' id='word_1_88' title='bbox 560 1373 719 1417; x_wconf 86' lang='lat' dir='ltr'><strong>domita</strong></span> <span class='ocrx_word' id='word_1_89' title='bbox 739 1388 891 1416; x_wconf 89' lang='lat' dir='ltr'><strong>nomen</strong></span> <span class='ocrx_word' id='word_1_90' title='bbox 911 1375 964 1417; x_wconf 89' lang='lat' dir='ltr'><strong>ab</strong></span> <span class='ocrx_word' id='word_1_91' title='bbox 984 1375 1128 1418; x_wconf 82' lang='lat' dir='ltr'><strong>Africa</strong></span> 
     </span>
     <span class='ocr_line' id='line_1_18' title="bbox 335 1441 1090 1494; baseline 0.004 -12"><span class='ocrx_word' id='word_1_92' title='bbox 335 1441 546 1484; x_wconf 86' lang='lat' dir='ltr'><strong>Lucratus</strong></span> <span class='ocrx_word' id='word_1_93' title='bbox 566 1441 706 1494; x_wconf 89' lang='lat' dir='ltr'><strong>rediit,</strong></span> <span class='ocrx_word' id='word_1_94' title='bbox 728 1442 880 1485; x_wconf 87' lang='lat' dir='ltr'><strong>clarius</strong></span> <span class='ocrx_word' id='word_1_95' title='bbox 901 1442 1090 1486; x_wconf 89' lang='lat' dir='ltr'><strong>indicant</strong></span> 
     </span>
     <span class='ocr_line' id='line_1_19' title="bbox 336 1509 1302 1568; baseline 0.003 -17"><span class='ocrx_word' id='word_1_96' title='bbox 336 1509 524 1562; x_wconf 81' lang='lat' dir='ltr'><strong>Laudes,</strong></span> <span class='ocrx_word' id='word_1_97' title='bbox 544 1524 668 1566; x_wconf 90' lang='lat' dir='ltr'><strong>quam</strong></span> <span class='ocrx_word' id='word_1_98' title='bbox 691 1510 883 1552; x_wconf 87' lang='lat' dir='ltr'><strong>Calabrae</strong></span> <span class='ocrx_word' id='word_1_99' title='bbox 904 1510 1118 1554; x_wconf 89' lang='lat' dir='ltr'><strong>Pierides:</strong></span> <span class='ocrx_word' id='word_1_100' title='bbox 1152 1525 1302 1568; x_wconf 87' lang='lat' dir='ltr'><strong>neque,</strong></span> 
     </span>
     <span class='ocr_line' id='line_1_20' title="bbox 336 1577 1166 1636; baseline 0.005 -18"><span class='ocrx_word' id='word_1_101' title='bbox 336 1577 386 1619; x_wconf 88' lang='lat' dir='ltr'><strong>Si</strong></span> <span class='ocrx_word' id='word_1_102' title='bbox 405 1577 561 1620; x_wconf 86' lang='lat' dir='ltr'><strong>chartae</strong></span> <span class='ocrx_word' id='word_1_103' title='bbox 582 1578 732 1622; x_wconf 85' lang='lat' dir='ltr'><strong>sileant</strong></span> <span class='ocrx_word' id='word_1_104' title='bbox 751 1579 864 1636; x_wconf 91' lang='lat' dir='ltr'><strong>quod</strong></span> <span class='ocrx_word' id='word_1_105' title='bbox 881 1579 986 1622; x_wconf 91' lang='lat' dir='ltr'><strong>bene</strong></span> <span class='ocrx_word' id='word_1_106' title='bbox 1006 1579 1166 1633; x_wconf 84' lang='lat' dir='ltr'><strong>feceris,</strong></span> 
     </span>
     <span class='ocr_line' id='line_1_21' title="bbox 334 1645 1172 1699; baseline 0.004 -12"><span class='ocrx_word' id='word_1_107' title='bbox 334 1645 573 1689; x_wconf 90' lang='lat' dir='ltr'><strong>Mercedem</strong></span> <span class='ocrx_word' id='word_1_108' title='bbox 596 1647 752 1690; x_wconf 90' lang='lat' dir='ltr'><strong>tuleris.</strong></span> <span class='ocrx_word' id='word_1_109' title='bbox 815 1647 930 1699; x_wconf 84' lang='lat' dir='ltr'><strong>Quid</strong></span> <span class='ocrx_word' id='word_1_110' title='bbox 948 1647 1055 1690; x_wconf 86' lang='lat' dir='ltr'><strong>foret</strong></span> <span class='ocrx_word' id='word_1_111' title='bbox 1077 1648 1172 1690; x_wconf 83' lang='lat' dir='ltr'><strong>Iliae</strong></span> 
     </span>
     <span class='ocr_line' id='line_1_22' title="bbox 336 1715 1105 1772; baseline 0.004 -16"><span class='ocrx_word' id='word_1_112' title='bbox 336 1715 627 1772; x_wconf 85' lang='lat' dir='ltr'><strong>Mavortisque</strong></span> <span class='ocrx_word' id='word_1_113' title='bbox 647 1730 764 1772; x_wconf 88' lang='lat' dir='ltr'><strong>puer,</strong></span> <span class='ocrx_word' id='word_1_114' title='bbox 787 1716 822 1758; x_wconf 91' lang='lat' dir='ltr'><strong>si</strong></span> <span class='ocrx_word' id='word_1_115' title='bbox 845 1716 1105 1759; x_wconf 87' lang='lat' dir='ltr'><strong>taciturnitas</strong></span> 
     </span>
     <span class='ocr_line' id='line_1_23' title="bbox 334 1782 1096 1827; baseline 0.004 -3"><span class='ocrx_word' id='word_1_116' title='bbox 334 1782 532 1826; x_wconf 90' lang='lat' dir='ltr'><strong>Obstaret</strong></span> <span class='ocrx_word' id='word_1_117' title='bbox 550 1783 709 1826; x_wconf 88' lang='lat' dir='ltr'><strong>meritis</strong></span> <span class='ocrx_word' id='word_1_118' title='bbox 724 1783 869 1827; x_wconf 86' lang='lat' dir='ltr'><strong>invida</strong></span> <span class='ocrx_word' id='word_1_119' title='bbox 887 1784 1096 1827; x_wconf 85' lang='lat' dir='ltr'><strong>Romuli?</strong></span> 
     </span>
     <span class='ocr_line' id='line_1_24' title="bbox 334 1851 1147 1907; baseline 0.005 -15"><span class='ocrx_word' id='word_1_120' title='bbox 334 1851 542 1907; x_wconf 88' lang='lat' dir='ltr'><strong>Ereptum</strong></span> <span class='ocrx_word' id='word_1_121' title='bbox 565 1851 727 1907; x_wconf 88' lang='lat' dir='ltr'><strong>Stygiis</strong></span> <span class='ocrx_word' id='word_1_122' title='bbox 746 1851 944 1895; x_wconf 88' lang='lat' dir='ltr'><strong>fluctibus</strong></span> <span class='ocrx_word' id='word_1_123' title='bbox 965 1851 1147 1896; x_wconf 89' lang='lat' dir='ltr'><strong>AEacum</strong></span> 
     </span>
     <span class='ocr_line' id='line_1_25' title="bbox 334 1919 1156 1977; baseline 0.007 -18"><span class='ocrx_word' id='word_1_124' title='bbox 334 1919 479 1962; x_wconf 90' lang='lat' dir='ltr'><strong>Virtus</strong></span> <span class='ocrx_word' id='word_1_125' title='bbox 499 1928 541 1962; x_wconf 87' lang='lat' dir='ltr'><strong>et</strong></span> <span class='ocrx_word' id='word_1_126' title='bbox 559 1919 676 1963; x_wconf 88' lang='lat' dir='ltr'><strong>favor</strong></span> <span class='ocrx_word' id='word_1_127' title='bbox 695 1928 737 1963; x_wconf 88' lang='lat' dir='ltr'><strong>et</strong></span> <span class='ocrx_word' id='word_1_128' title='bbox 757 1920 903 1976; x_wconf 89' lang='lat' dir='ltr'><strong>lingua</strong></span> <span class='ocrx_word' id='word_1_129' title='bbox 922 1922 1156 1977; x_wconf 90' lang='lat' dir='ltr'><strong>potentium</strong></span> 
     </span>
     <span class='ocr_line' id='line_1_26' title="bbox 334 1987 1128 2032; baseline 0.004 -3"><span class='ocrx_word' id='word_1_130' title='bbox 334 1988 488 2030; x_wconf 90' lang='lat' dir='ltr'><strong>Vatum</strong></span> <span class='ocrx_word' id='word_1_131' title='bbox 509 1987 711 2030; x_wconf 87' lang='lat' dir='ltr'><strong>divitibus</strong></span> <span class='ocrx_word' id='word_1_132' title='bbox 731 1998 944 2032; x_wconf 84' lang='lat' dir='ltr'><strong>consecrat</strong></span> <span class='ocrx_word' id='word_1_133' title='bbox 963 1990 1128 2032; x_wconf 91' lang='lat' dir='ltr'><strong>insulis.</strong></span> 
     </span>
     <span class='ocr_line' id='line_1_27' title="bbox 330 2055 1258 2109; baseline 0.002 -11"><span class='ocrx_word' id='word_1_134' title='bbox 330 2057 530 2099; x_wconf 72' lang='lat' dir='ltr'><strong>Dmmm</strong></span> <span class='ocrx_word' id='word_1_135' title='bbox 551 2055 675 2099; x_wconf 85' lang='lat' dir='ltr'><strong>laude</strong></span> <span class='ocrx_word' id='word_1_136' title='bbox 695 2056 830 2099; x_wconf 90' lang='lat' dir='ltr'><strong>virum</strong></span> <span class='ocrx_word' id='word_1_137' title='bbox 853 2059 983 2100; x_wconf 86' lang='lat' dir='ltr'><strong>Musa</strong></span> <span class='ocrx_word' id='word_1_138' title='bbox 1003 2066 1118 2101; x_wconf 84' lang='lat' dir='ltr'><strong>vetat</strong></span> <span class='ocrx_word' id='word_1_139' title='bbox 1139 2059 1258 2109; x_wconf 90' lang='lat' dir='ltr'><strong>mori,</strong></span> 
     </span>
     <span class='ocr_line' id='line_1_28' title="bbox 331 2124 1195 2167; baseline 0 0"><span class='ocrx_word' id='word_1_140' title='bbox 331 2124 452 2167; x_wconf 91' lang='lat' dir='ltr'><strong>Coelo</strong></span> <span class='ocrx_word' id='word_1_141' title='bbox 472 2124 602 2167; x_wconf 88' lang='lat' dir='ltr'><strong>Musa</strong></span> <span class='ocrx_word' id='word_1_142' title='bbox 620 2125 727 2167; x_wconf 88' lang='lat' dir='ltr'><strong>beat.</strong></span> <span class='ocrx_word' id='word_1_143' title='bbox 791 2125 861 2167; x_wconf 89' lang='lat' dir='ltr'><strong>Sic</strong></span> <span class='ocrx_word' id='word_1_144' title='bbox 881 2126 912 2167; x_wconf 89' lang='lat' dir='ltr'>J</span> <span class='ocrx_word' id='word_1_145' title='bbox 915 2125 1003 2167; x_wconf 88' lang='lat' dir='ltr'><strong>ovis</strong></span> <span class='ocrx_word' id='word_1_146' title='bbox 1023 2126 1195 2167; x_wconf 86' lang='lat' dir='ltr'><strong>interest</strong></span> 
     </span>
     <span class='ocr_line' id='line_1_29' title="bbox 330 2192 1103 2248; baseline -0.001 -14"><span class='ocrx_word' id='word_1_147' title='bbox 330 2192 499 2248; x_wconf 87' lang='lat' dir='ltr'><strong>Optatis</strong></span> <span class='ocrx_word' id='word_1_148' title='bbox 519 2192 654 2248; x_wconf 89' lang='lat' dir='ltr'><strong>epulis</strong></span> <span class='ocrx_word' id='word_1_149' title='bbox 673 2192 852 2247; x_wconf 88' lang='lat' dir='ltr'><strong>impiger</strong></span> <span class='ocrx_word' id='word_1_150' title='bbox 870 2193 1103 2235; x_wconf 87' lang='lat' dir='ltr'><strong>Hercules:</strong></span> 
     </span>
     <span class='ocr_line' id='line_1_30' title="bbox 333 2259 1168 2317; baseline 0 -14"><span class='ocrx_word' id='word_1_151' title='bbox 333 2261 505 2303; x_wconf 84' lang='lat' dir='ltr'><strong>Clarum</strong></span> <span class='ocrx_word' id='word_1_152' title='bbox 524 2260 785 2317; x_wconf 87' lang='lat' dir='ltr'><strong>Tyndaridae</strong></span> <span class='ocrx_word' id='word_1_153' title='bbox 806 2260 921 2303; x_wconf 86' lang='lat' dir='ltr'><strong>sidus</strong></span> <span class='ocrx_word' id='word_1_154' title='bbox 943 2261 995 2303; x_wconf 85' lang='lat' dir='ltr'><strong>ab</strong></span> <span class='ocrx_word' id='word_1_155' title='bbox 1014 2259 1168 2303; x_wconf 87' lang='lat' dir='ltr'><strong>infimis</strong></span> 
     </span>
     <span class='ocr_line' id='line_1_31' title="bbox 330 2327 1121 2384; baseline 0.001 -14"><span class='ocrx_word' id='word_1_156' title='bbox 330 2329 513 2380; x_wconf 81' lang='lat' dir='ltr'><strong>Quassas</strong></span> <span class='ocrx_word' id='word_1_157' title='bbox 533 2327 716 2384; x_wconf 90' lang='lat' dir='ltr'><strong>eripiunt</strong></span> <span class='ocrx_word' id='word_1_158' title='bbox 736 2328 970 2384; x_wconf 86' lang='lat' dir='ltr'><strong>aequoribus</strong></span> <span class='ocrx_word' id='word_1_159' title='bbox 990 2336 1121 2371; x_wconf 84' lang='lat' dir='ltr'><strong>rates:</strong></span> 
     </span>
     <span class='ocr_line' id='line_1_32' title="bbox 330 2395 1087 2453; baseline 0.001 -15"><span class='ocrx_word' id='word_1_160' title='bbox 330 2396 515 2438; x_wconf 89' lang='lat' dir='ltr'><strong>Ornatus</strong></span> <span class='ocrx_word' id='word_1_161' title='bbox 535 2395 660 2439; x_wconf 80' lang='lat' dir='ltr'><strong>viridi</strong></span> <span class='ocrx_word' id='word_1_162' title='bbox 680 2404 868 2453; x_wconf 86' lang='lat' dir='ltr'><strong>tempora</strong></span> <span class='ocrx_word' id='word_1_163' title='bbox 886 2397 1087 2453; x_wconf 89' lang='lat' dir='ltr'><strong>pampino</strong></span> 
     </span>
    </p>

    <p class='ocr_par' dir='ltr' id='par_1_9' title="bbox 329 2463 1102 2509">
     <span class='ocr_line' id='line_1_33' title="bbox 329 2463 1102 2509; baseline -0.001 -2"><span class='ocrx_word' id='word_1_164' title='bbox 329 2463 460 2508; x_wconf 89' lang='lat' dir='ltr'><strong>Liber</strong></span> <span class='ocrx_word' id='word_1_165' title='bbox 480 2471 576 2508; x_wconf 84' lang='lat' dir='ltr'><strong>vota</strong></span> <span class='ocrx_word' id='word_1_166' title='bbox 594 2464 723 2509; x_wconf 91' lang='lat' dir='ltr'><strong>bonos</strong></span> <span class='ocrx_word' id='word_1_167' title='bbox 743 2464 860 2508; x_wconf 91' lang='lat' dir='ltr'><strong>ducit</strong></span> <span class='ocrx_word' id='word_1_168' title='bbox 880 2465 934 2508; x_wconf 88' lang='lat' dir='ltr'><strong>ad</strong></span> <span class='ocrx_word' id='word_1_169' title='bbox 954 2465 1102 2509; x_wconf 83' lang='lat' dir='ltr'><strong>exitus.</strong></span> 
     </span>
    </p>
   </div>
   <div class='ocr_carea' id='block_1_6' title="bbox 1551 312 1638 353">
    <p class='ocr_par' dir='ltr' id='par_1_10' title="bbox 1551 312 1638 353">
     <span class='ocr_line' id='line_1_34' title="bbox 1551 312 1638 353; baseline 0.011 -1"><span class='ocrx_word' id='word_1_170' title='bbox 1551 312 1638 353; x_wconf 82' lang='lat'><strong>213</strong></span> 
     </span>
    </p>
   </div>
   <div class='ocr_carea' id='block_1_7' title="bbox 1571 833 1626 874">
    <p class='ocr_par' dir='ltr' id='par_1_11' title="bbox 1571 833 1626 874">
     <span class='ocr_line' id='line_1_35' title="bbox 1571 833 1626 874; baseline 0.018 -1"><span class='ocrx_word' id='word_1_171' title='bbox 1571 833 1626 874; x_wconf 91' lang='grc'><strong>10</strong></span> 
     </span>
    </p>
   </div>
   <div class='ocr_carea' id='block_1_8' title="bbox 1566 1174 1621 1215">
    <p class='ocr_par' dir='ltr' id='par_1_12' title="bbox 1566 1174 1621 1215">
     <span class='ocr_line' id='line_1_36' title="bbox 1566 1174 1621 1215; baseline 0 0"><span class='ocrx_word' id='word_1_172' title='bbox 1566 1174 1621 1215; x_wconf 82' lang='lat'><strong>15</strong></span> 
     </span>
    </p>
   </div>
   <div class='ocr_carea' id='block_1_9' title="bbox 1561 1517 1619 1556">
    <p class='ocr_par' dir='ltr' id='par_1_13' title="bbox 1561 1517 1619 1556">
     <span class='ocr_line' id='line_1_37' title="bbox 1561 1517 1619 1556; baseline 0 0"><span class='ocrx_word' id='word_1_173' title='bbox 1561 1517 1619 1556; x_wconf 77' lang='lat'><strong>20</strong></span> 
     </span>
    </p>
   </div>
   <div class='ocr_carea' id='block_1_10' title="bbox 1558 1857 1613 1899">
    <p class='ocr_par' dir='ltr' id='par_1_14' title="bbox 1558 1857 1613 1899">
     <span class='ocr_line' id='line_1_38' title="bbox 1558 1857 1613 1899; baseline -0.036 0"><span class='ocrx_word' id='word_1_174' title='bbox 1558 1857 1613 1899; x_wconf 83' lang='lat'><strong>25</strong></span> 
     </span>
    </p>
   </div>
   <div class='ocr_carea' id='block_1_11' title="bbox 1552 2197 1610 2237">
    <p class='ocr_par' dir='ltr' id='par_1_15' title="bbox 1552 2197 1610 2237">
     <span class='ocr_line' id='line_1_39' title="bbox 1552 2197 1610 2237; baseline 0 0"><span class='ocrx_word' id='word_1_175' title='bbox 1552 2197 1610 2237; x_wconf 91' lang='grc'><strong>30</strong></span> 
     </span>
    </p>
   </div>
  </div>
 </body>
</html>
