<?xml version="1.0" encoding="UTF-8"?>
<!DOCTYPE html PUBLIC "-//W3C//DTD XHTML 1.0 Transitional//EN"
    "http://www.w3.org/TR/xhtml1/DTD/xhtml1-transitional.dtd">
<html xmlns="http://www.w3.org/1999/xhtml" xml:lang="en" lang="en">
 <head>
  <title>
</title>
<meta http-equiv="Content-Type" content="text/html;charset=utf-8" />
  <meta name='ocr-system' content='tesseract 3.04.00' />
  <meta name='ocr-capabilities' content='ocr_page ocr_carea ocr_par ocr_line ocrx_word'/>
</head>
<body>
  <div class='ocr_page' id='page_1' title='image "./horatiusrestitut00horauoft_0286.png"; bbox 0 0 1962 3268; ppageno 0'>
   <div class='ocr_carea' id='block_1_1' title="bbox 372 346 1272 386">
    <p class='ocr_par' dir='ltr' id='par_1_1' title="bbox 372 346 1272 386">
     <span class='ocr_line' id='line_1_1' title="bbox 372 346 1272 386; baseline 0 -4"><span class='ocrx_word' id='word_1_1' title='bbox 372 346 429 385; x_wconf 77' lang='lat'>54</span> <span class='ocrx_word' id='word_1_2' title='bbox 805 357 845 386; x_wconf 75' lang='lat' dir='ltr'>Q·</span> <span class='ocrx_word' id='word_1_3' title='bbox 877 355 1073 382; x_wconf 70' lang='lat' dir='ltr'>uonA&#39;ru</span> <span class='ocrx_word' id='word_1_4' title='bbox 1108 355 1272 382; x_wconf 71' lang='lat' dir='ltr'>FLAcm</span> 
     </span>
    </p>
   </div>
   <div class='ocr_carea' id='block_1_2' title="bbox 355 454 1711 2869">
    <p class='ocr_par' dir='ltr' id='par_1_2' title="bbox 373 454 1334 510">
     <span class='ocr_line' id='line_1_2' title="bbox 373 454 1334 510; baseline -0.003 -12"><span class='ocrx_word' id='word_1_5' title='bbox 373 457 463 498; x_wconf 92' lang='lat' dir='ltr'>Nec</span> <span class='ocrx_word' id='word_1_6' title='bbox 484 469 574 497; x_wconf 89' lang='lat' dir='ltr'>sum</span> <span class='ocrx_word' id='word_1_7' title='bbox 595 455 777 497; x_wconf 83' lang='lat' dir='ltr'>facturus</span> <span class='ocrx_word' id='word_1_8' title='bbox 798 454 899 496; x_wconf 88' lang='lat' dir='ltr'>vitio</span> <span class='ocrx_word' id='word_1_9' title='bbox 919 455 1093 510; x_wconf 85' lang='lat' dir='ltr'>culpave</span> <span class='ocrx_word' id='word_1_10' title='bbox 1108 454 1334 503; x_wconf 83' lang='lat' dir='ltr'>minorem;</span> 
     </span>
    </p>

    <p class='ocr_par' dir='ltr' id='par_1_3' title="bbox 374 521 1513 646">
     <span class='ocr_line' id='line_1_3' title="bbox 376 521 1513 577; baseline -0.003 -12"><span class='ocrx_word' id='word_1_11' title='bbox 376 524 420 565; x_wconf 89' lang='lat' dir='ltr'>Si</span> <span class='ocrx_word' id='word_1_12' title='bbox 442 537 614 565; x_wconf 88' lang='lat' dir='ltr'>veneror</span> <span class='ocrx_word' id='word_1_13' title='bbox 633 521 784 564; x_wconf 83' lang='lat' dir='ltr'>stultus</span> <span class='ocrx_word' id='word_1_14' title='bbox 798 521 906 564; x_wconf 88' lang='lat' dir='ltr'><strong>nihil</strong></span> <span class='ocrx_word' id='word_1_15' title='bbox 925 521 1099 570; x_wconf 87' lang='lat' dir='ltr'>horum;</span> <span class='ocrx_word' id='word_1_16' title='bbox 1134 523 1172 564; x_wconf 94' lang='lat' dir='ltr'>O</span> <span class='ocrx_word' id='word_1_17' title='bbox 1195 522 1229 563; x_wconf 92' lang='lat' dir='ltr'>si</span> <span class='ocrx_word' id='word_1_18' title='bbox 1253 521 1429 577; x_wconf 86' lang='lat' dir='ltr'>angulus</span> <span class='ocrx_word' id='word_1_19' title='bbox 1443 521 1513 563; x_wconf 90' lang='lat' dir='ltr'>ille</span> 
     </span>
     <span class='ocr_line' id='line_1_4' title="bbox 374 586 1476 646; baseline -0.003 -14"><span class='ocrx_word' id='word_1_20' title='bbox 374 590 598 632; x_wconf 83' lang='lat' dir='ltr'><strong>Proximus</strong></span> <span class='ocrx_word' id='word_1_21' title='bbox 618 590 798 642; x_wconf 81' lang='lat' dir='ltr'>accedat,</span> <span class='ocrx_word' id='word_1_22' title='bbox 815 589 886 646; x_wconf 89' lang='lat' dir='ltr'>qui</span> <span class='ocrx_word' id='word_1_23' title='bbox 906 604 1017 631; x_wconf 90' lang='lat' dir='ltr'>nunc</span> <span class='ocrx_word' id='word_1_24' title='bbox 1031 589 1246 631; x_wconf 84' lang='lat' dir='ltr'><strong>denormat</strong></span> <span class='ocrx_word' id='word_1_25' title='bbox 1267 588 1445 643; x_wconf 86' lang='lat' dir='ltr'>agellum</span> <span class='ocrx_word' id='word_1_26' title='bbox 1467 586 1476 629; x_wconf 87' lang='lat'>!</span> 
     </span>
    </p>

    <p class='ocr_par' dir='ltr' id='par_1_4' title="bbox 375 653 1702 780">
     <span class='ocr_line' id='line_1_5' title="bbox 375 653 1702 714; baseline 0.001 -15"><span class='ocrx_word' id='word_1_27' title='bbox 375 659 413 699; x_wconf 90' lang='lat' dir='ltr'>O</span> <span class='ocrx_word' id='word_1_28' title='bbox 436 658 470 699; x_wconf 89' lang='lat' dir='ltr'>si</span> <span class='ocrx_word' id='word_1_29' title='bbox 489 673 633 700; x_wconf 91' lang='lat' dir='ltr'>urnam</span> <span class='ocrx_word' id='word_1_30' title='bbox 651 657 810 714; x_wconf 85' lang='lat' dir='ltr'>argenti</span> <span class='ocrx_word' id='word_1_31' title='bbox 828 657 911 698; x_wconf 85' lang='lat' dir='ltr'>fors</span> <span class='ocrx_word' id='word_1_32' title='bbox 931 671 1024 712; x_wconf 86' lang='lat' dir='ltr'>quae</span> <span class='ocrx_word' id='word_1_33' title='bbox 1042 656 1145 697; x_wconf 86' lang='lat' dir='ltr'>mihi</span> <span class='ocrx_word' id='word_1_34' title='bbox 1167 663 1363 697; x_wconf 85' lang='lat' dir='ltr'>monstret</span> <span class='ocrx_word' id='word_1_35' title='bbox 1383 653 1393 696; x_wconf 85' lang='lat'><strong>!</strong></span> <span class='ocrx_word' id='word_1_36' title='bbox 1426 664 1473 698; x_wconf 92' lang='lat' dir='ltr'>ut</span> <span class='ocrx_word' id='word_1_37' title='bbox 1493 656 1571 709; x_wconf 85' lang='lat' dir='ltr'>illi,</span> <span class='ocrx_word' id='word_1_38' title='bbox 1645 659 1702 700; x_wconf 93' lang='grc'>10</span> 
     </span>
     <span class='ocr_line' id='line_1_6' title="bbox 377 724 1331 780; baseline -0.003 -13"><span class='ocrx_word' id='word_1_39' title='bbox 377 725 595 767; x_wconf 84' lang='lat' dir='ltr'>Thesauro</span> <span class='ocrx_word' id='word_1_40' title='bbox 614 725 782 766; x_wconf 89' lang='lat' dir='ltr'>invento</span> <span class='ocrx_word' id='word_1_41' title='bbox 803 724 874 780; x_wconf 92' lang='lat' dir='ltr'>qui</span> <span class='ocrx_word' id='word_1_42' title='bbox 894 724 1166 766; x_wconf 81' lang='lat' dir='ltr'>mercenarius</span> <span class='ocrx_word' id='word_1_43' title='bbox 1188 738 1331 778; x_wconf 88' lang='lat' dir='ltr'>agrum</span> 
     </span>
    </p>

    <p class='ocr_par' dir='ltr' id='par_1_5' title="bbox 378 790 1338 848">
     <span class='ocr_line' id='line_1_7' title="bbox 378 790 1338 848; baseline -0.003 -13"><span class='ocrx_word' id='word_1_44' title='bbox 378 794 506 835; x_wconf 89' lang='lat' dir='ltr'>Illum</span> <span class='ocrx_word' id='word_1_45' title='bbox 526 793 661 848; x_wconf 91' lang='lat' dir='ltr'>ipsum</span> <span class='ocrx_word' id='word_1_46' title='bbox 682 800 884 834; x_wconf 85' lang='lat' dir='ltr'>mercatus</span> <span class='ocrx_word' id='word_1_47' title='bbox 904 791 1049 843; x_wconf 86' lang='lat' dir='ltr'>aravit,</span> <span class='ocrx_word' id='word_1_48' title='bbox 1071 791 1186 832; x_wconf 89' lang='lat' dir='ltr'>dives</span> <span class='ocrx_word' id='word_1_49' title='bbox 1208 790 1338 833; x_wconf 83' lang='lat' dir='ltr'>amico</span> 
     </span>
    </p>

    <p class='ocr_par' dir='ltr' id='par_1_6' title="bbox 377 856 1699 1183">
     <span class='ocr_line' id='line_1_8' title="bbox 377 856 1686 915; baseline -0.002 -13"><span class='ocrx_word' id='word_1_50' title='bbox 377 861 576 902; x_wconf 85' lang='lat' dir='ltr'>Hercule.</span> <span class='ocrx_word' id='word_1_51' title='bbox 610 860 670 910; x_wconf 89' lang='lat' dir='ltr'>Si,</span> <span class='ocrx_word' id='word_1_52' title='bbox 684 860 794 915; x_wconf 90' lang='lat' dir='ltr'>quod</span> <span class='ocrx_word' id='word_1_53' title='bbox 807 859 938 909; x_wconf 86' lang='lat' dir='ltr'>adest,</span> <span class='ocrx_word' id='word_1_54' title='bbox 951 866 1113 913; x_wconf 87' lang='lat' dir='ltr'>gratum</span> <span class='ocrx_word' id='word_1_55' title='bbox 1127 857 1275 912; x_wconf 89' lang='lat' dir='ltr'>juvat;</span> <span class='ocrx_word' id='word_1_56' title='bbox 1308 856 1386 898; x_wconf 86' lang='lat' dir='ltr'>hac</span> <span class='ocrx_word' id='word_1_57' title='bbox 1405 871 1526 912; x_wconf 89' lang='lat' dir='ltr'>prece</span> <span class='ocrx_word' id='word_1_58' title='bbox 1545 865 1586 900; x_wconf 88' lang='lat' dir='ltr'>te</span> <span class='ocrx_word' id='word_1_59' title='bbox 1599 872 1686 909; x_wconf 87' lang='lat' dir='ltr'>oro,</span> 
     </span>
     <span class='ocr_line' id='line_1_9' title="bbox 378 925 1528 983; baseline -0.004 -13"><span class='ocrx_word' id='word_1_60' title='bbox 378 928 541 983; x_wconf 88' lang='lat' dir='ltr'>Pingue</span> <span class='ocrx_word' id='word_1_61' title='bbox 559 941 685 982; x_wconf 88' lang='lat' dir='ltr'>pecus</span> <span class='ocrx_word' id='word_1_62' title='bbox 705 925 872 967; x_wconf 88' lang='lat' dir='ltr'>domino</span> <span class='ocrx_word' id='word_1_63' title='bbox 891 925 1031 976; x_wconf 86' lang='lat' dir='ltr'>facias,</span> <span class='ocrx_word' id='word_1_64' title='bbox 1053 933 1094 966; x_wconf 86' lang='lat' dir='ltr'>et</span> <span class='ocrx_word' id='word_1_65' title='bbox 1115 932 1277 975; x_wconf 89' lang='lat' dir='ltr'>caetera,</span> <span class='ocrx_word' id='word_1_66' title='bbox 1299 932 1450 978; x_wconf 87' lang='lat' dir='ltr'>praeter</span> <span class='ocrx_word' id='word_1_67' title='bbox 1526 926 1528 928; x_wconf 73' lang='grc'><strong>’</strong></span> 
     </span>
     <span class='ocr_line' id='line_1_10' title="bbox 379 990 1699 1050; baseline -0.002 -14"><span class='ocrx_word' id='word_1_68' title='bbox 379 995 625 1050; x_wconf 88' lang='lat' dir='ltr'>Ingenium:</span> <span class='ocrx_word' id='word_1_69' title='bbox 658 1001 784 1048; x_wconf 85' lang='lat' dir='ltr'>utque</span> <span class='ocrx_word' id='word_1_70' title='bbox 806 993 924 1042; x_wconf 84' lang='lat' dir='ltr'>soles,</span> <span class='ocrx_word' id='word_1_71' title='bbox 947 999 1083 1034; x_wconf 91' lang='lat' dir='ltr'>custos</span> <span class='ocrx_word' id='word_1_72' title='bbox 1102 991 1207 1032; x_wconf 89' lang='lat' dir='ltr'>mihi</span> <span class='ocrx_word' id='word_1_73' title='bbox 1227 990 1430 1033; x_wconf 86' lang='lat' dir='ltr'>maximus</span> <span class='ocrx_word' id='word_1_74' title='bbox 1449 990 1570 1032; x_wconf 84' lang='lat' dir='ltr'>adsis.</span> <span class='ocrx_word' id='word_1_75' title='bbox 1643 992 1699 1034; x_wconf 84' lang='lat'>15</span> 
     </span>
     <span class='ocr_line' id='line_1_11' title="bbox 379 1059 1580 1117; baseline -0.004 -13"><span class='ocrx_word' id='word_1_76' title='bbox 379 1064 495 1117; x_wconf 88' lang='lat' dir='ltr'>Ergo</span> <span class='ocrx_word' id='word_1_77' title='bbox 515 1061 587 1103; x_wconf 88' lang='lat' dir='ltr'>ubi</span> <span class='ocrx_word' id='word_1_78' title='bbox 608 1076 672 1102; x_wconf 86' lang='lat' dir='ltr'>me</span> <span class='ocrx_word' id='word_1_79' title='bbox 692 1061 735 1101; x_wconf 91' lang='lat' dir='ltr'>in</span> <span class='ocrx_word' id='word_1_80' title='bbox 756 1068 915 1101; x_wconf 87' lang='lat' dir='ltr'>montes</span> <span class='ocrx_word' id='word_1_81' title='bbox 936 1067 977 1101; x_wconf 85' lang='lat' dir='ltr'>et</span> <span class='ocrx_word' id='word_1_82' title='bbox 996 1059 1039 1100; x_wconf 92' lang='lat' dir='ltr'>in</span> <span class='ocrx_word' id='word_1_83' title='bbox 1061 1073 1194 1100; x_wconf 89' lang='lat' dir='ltr'>arcem</span> <span class='ocrx_word' id='word_1_84' title='bbox 1215 1073 1269 1100; x_wconf 87' lang='lat' dir='ltr'>ex</span> <span class='ocrx_word' id='word_1_85' title='bbox 1289 1059 1391 1100; x_wconf 88' lang='lat' dir='ltr'>urbe</span> <span class='ocrx_word' id='word_1_86' title='bbox 1410 1059 1580 1110; x_wconf 87' lang='lat' dir='ltr'>removi,</span> 
     </span>
     <span class='ocr_line' id='line_1_12' title="bbox 382 1126 1511 1183; baseline -0.003 -13"><span class='ocrx_word' id='word_1_87' title='bbox 382 1126 514 1180; x_wconf 80' lang='lat' dir='ltr'>(Quid</span> <span class='ocrx_word' id='word_1_88' title='bbox 535 1128 648 1183; x_wconf 89' lang='lat' dir='ltr'>prius</span> <span class='ocrx_word' id='word_1_89' title='bbox 668 1127 868 1168; x_wconf 86' lang='lat' dir='ltr'>illustrem</span> <span class='ocrx_word' id='word_1_90' title='bbox 893 1126 1037 1168; x_wconf 87' lang='lat' dir='ltr'>Satiris</span> <span class='ocrx_word' id='word_1_91' title='bbox 1058 1127 1264 1182; x_wconf 85' lang='lat' dir='ltr'>Musaque</span> <span class='ocrx_word' id='word_1_92' title='bbox 1283 1126 1463 1182; x_wconf 86' lang='lat' dir='ltr'>pedestri</span> <span class='ocrx_word' id='word_1_93' title='bbox 1472 1128 1511 1181; x_wconf 77' lang='grc' dir='ltr'>ἓ)</span> 
     </span>
    </p>

    <p class='ocr_par' dir='ltr' id='par_1_7' title="bbox 379 1194 1706 1588">
     <span class='ocr_line' id='line_1_13' title="bbox 379 1194 1570 1250; baseline -0.002 -12"><span class='ocrx_word' id='word_1_94' title='bbox 379 1197 471 1238; x_wconf 91' lang='lat' dir='ltr'>Nec</span> <span class='ocrx_word' id='word_1_95' title='bbox 491 1196 598 1238; x_wconf 87' lang='lat' dir='ltr'>mala</span> <span class='ocrx_word' id='word_1_96' title='bbox 618 1210 684 1237; x_wconf 88' lang='lat' dir='ltr'>me</span> <span class='ocrx_word' id='word_1_97' title='bbox 705 1194 874 1237; x_wconf 87' lang='lat' dir='ltr'>ambitio</span> <span class='ocrx_word' id='word_1_98' title='bbox 893 1194 1044 1250; x_wconf 86' lang='lat' dir='ltr'>perdit,</span> <span class='ocrx_word' id='word_1_99' title='bbox 1066 1209 1141 1235; x_wconf 92' lang='lat' dir='ltr'>nec</span> <span class='ocrx_word' id='word_1_100' title='bbox 1161 1194 1378 1249; x_wconf 88' lang='lat' dir='ltr'>plumbeus</span> <span class='ocrx_word' id='word_1_101' title='bbox 1399 1195 1570 1245; x_wconf 85' lang='lat' dir='ltr'>Auster,</span> 
     </span>
     <span class='ocr_line' id='line_1_14' title="bbox 379 1261 1490 1319; baseline -0.004 -14"><span class='ocrx_word' id='word_1_102' title='bbox 379 1265 705 1319; x_wconf 89' lang='lat' dir='ltr'>Autumnusque</span> <span class='ocrx_word' id='word_1_103' title='bbox 725 1262 876 1317; x_wconf 86' lang='lat' dir='ltr'>gravis,</span> <span class='ocrx_word' id='word_1_104' title='bbox 897 1262 1100 1303; x_wconf 83' lang='lat' dir='ltr'>Libitinae</span> <span class='ocrx_word' id='word_1_105' title='bbox 1121 1269 1302 1317; x_wconf 84' lang='lat' dir='ltr'>quaestus</span> <span class='ocrx_word' id='word_1_106' title='bbox 1322 1261 1490 1303; x_wconf 88' lang='lat' dir='ltr'>acerbae.</span> 
     </span>
     <span class='ocr_line' id='line_1_15' title="bbox 380 1328 1706 1386; baseline -0.002 -15"><span class='ocrx_word' id='word_1_107' title='bbox 380 1331 591 1373; x_wconf 88' lang='lat' dir='ltr'>Matutine</span> <span class='ocrx_word' id='word_1_108' title='bbox 611 1340 741 1386; x_wconf 83' lang='lat' dir='ltr'>pater,</span> <span class='ocrx_word' id='word_1_109' title='bbox 764 1345 835 1371; x_wconf 91' lang='lat' dir='ltr'>seu</span> <span class='ocrx_word' id='word_1_110' title='bbox 856 1331 887 1371; x_wconf 88' lang='lat' dir='ltr'><strong>J</strong></span> <span class='ocrx_word' id='word_1_111' title='bbox 889 1344 965 1371; x_wconf 89' lang='lat' dir='ltr'>ane</span> <span class='ocrx_word' id='word_1_112' title='bbox 984 1329 1178 1371; x_wconf 88' lang='lat' dir='ltr'>libentius</span> <span class='ocrx_word' id='word_1_113' title='bbox 1198 1328 1330 1378; x_wconf 88' lang='lat' dir='ltr'>audis,</span> <span class='ocrx_word' id='word_1_114' title='bbox 1649 1328 1706 1368; x_wconf 81' lang='lat'>20</span> 
     </span>
     <span class='ocr_line' id='line_1_16' title="bbox 381 1395 1454 1452; baseline -0.004 -13"><span class='ocrx_word' id='word_1_115' title='bbox 381 1399 509 1440; x_wconf 91' lang='lat' dir='ltr'>Unde</span> <span class='ocrx_word' id='word_1_116' title='bbox 528 1398 717 1439; x_wconf 90' lang='lat' dir='ltr'>homines</span> <span class='ocrx_word' id='word_1_117' title='bbox 738 1412 905 1452; x_wconf 87' lang='lat' dir='ltr'>operum</span> <span class='ocrx_word' id='word_1_118' title='bbox 926 1397 1078 1452; x_wconf 85' lang='lat' dir='ltr'>primos</span> <span class='ocrx_word' id='word_1_119' title='bbox 1098 1397 1277 1451; x_wconf 77' lang='lat' dir='ltr'>vitaeque</span> <span class='ocrx_word' id='word_1_120' title='bbox 1295 1395 1454 1437; x_wconf 87' lang='lat' dir='ltr'>labores</span> 
     </span>
     <span class='ocr_line' id='line_1_17' title="bbox 383 1463 1450 1519; baseline -0.004 -12"><span class='ocrx_word' id='word_1_121' title='bbox 383 1465 617 1507; x_wconf 88' lang='lat' dir='ltr'>Instituunt</span> <span class='ocrx_word' id='word_1_122' title='bbox 641 1465 717 1518; x_wconf 91' lang='lat' dir='ltr'>(sic</span> <span class='ocrx_word' id='word_1_123' title='bbox 733 1465 830 1506; x_wconf 86' lang='lat' dir='ltr'>Diis</span> <span class='ocrx_word' id='word_1_124' title='bbox 849 1465 1067 1519; x_wconf 86' lang='lat' dir='ltr'>placitum)</span> <span class='ocrx_word' id='word_1_125' title='bbox 1086 1473 1132 1505; x_wconf 88' lang='lat' dir='ltr'>tu</span> <span class='ocrx_word' id='word_1_126' title='bbox 1153 1463 1342 1505; x_wconf 79' lang='lat' dir='ltr'>carminis</span> <span class='ocrx_word' id='word_1_127' title='bbox 1363 1470 1450 1503; x_wconf 85' lang='lat' dir='ltr'>esto</span> 
     </span>
     <span class='ocr_line' id='line_1_18' title="bbox 383 1529 1581 1588; baseline -0.004 -14"><span class='ocrx_word' id='word_1_128' title='bbox 383 1533 654 1588; x_wconf 89' lang='lat' dir='ltr'>Principium.</span> <span class='ocrx_word' id='word_1_129' title='bbox 714 1534 862 1573; x_wconf 86' lang='lat' dir='ltr'>Romae</span> <span class='ocrx_word' id='word_1_130' title='bbox 885 1545 1120 1586; x_wconf 89' lang='lat' dir='ltr'>sponsorem</span> <span class='ocrx_word' id='word_1_131' title='bbox 1142 1544 1206 1571; x_wconf 90' lang='lat' dir='ltr'>me</span> <span class='ocrx_word' id='word_1_132' title='bbox 1225 1529 1347 1584; x_wconf 84' lang='lat' dir='ltr'>rapiS.</span> <span class='ocrx_word' id='word_1_133' title='bbox 1410 1529 1447 1575; x_wconf 65' lang='grc' dir='ltr'>ἿῘ</span> <span class='ocrx_word' id='word_1_134' title='bbox 1471 1529 1581 1583; x_wconf 73' lang='lat' dir='ltr'>Eja,</span> 
     </span>
    </p>

    <p class='ocr_par' dir='ltr' id='par_1_8' title="bbox 383 1598 1424 1656">
     <span class='ocr_line' id='line_1_19' title="bbox 383 1598 1424 1656; baseline -0.005 -14"><span class='ocrx_word' id='word_1_135' title='bbox 383 1601 450 1641; x_wconf 90' lang='lat' dir='ltr'>Ne</span> <span class='ocrx_word' id='word_1_136' title='bbox 470 1600 581 1655; x_wconf 89' lang='lat' dir='ltr'>prior</span> <span class='ocrx_word' id='word_1_137' title='bbox 601 1600 734 1642; x_wconf 89' lang='lat' dir='ltr'>officio</span> <span class='ocrx_word' id='word_1_138' title='bbox 755 1600 968 1656; x_wconf 86' lang='lat' dir='ltr'>quisquam</span> <span class='ocrx_word' id='word_1_139' title='bbox 992 1598 1249 1653; x_wconf 84' lang='lat' dir='ltr'>respondeat,</span> <span class='ocrx_word' id='word_1_140' title='bbox 1270 1610 1424 1652; x_wconf 87' lang='lat' dir='ltr'>urgue:</span> 
     </span>
    </p>

    <p class='ocr_par' dir='ltr' id='par_1_9' title="bbox 385 1664 1706 1790">
     <span class='ocr_line' id='line_1_20' title="bbox 386 1664 1706 1724; baseline -0.002 -16"><span class='ocrx_word' id='word_1_141' title='bbox 386 1668 482 1709; x_wconf 89' lang='lat' dir='ltr'>Sive</span> <span class='ocrx_word' id='word_1_142' title='bbox 503 1669 659 1724; x_wconf 89' lang='lat' dir='ltr'>Aquilo</span> <span class='ocrx_word' id='word_1_143' title='bbox 679 1668 787 1710; x_wconf 85' lang='lat' dir='ltr'>radit</span> <span class='ocrx_word' id='word_1_144' title='bbox 808 1677 950 1715; x_wconf 83' lang='lat' dir='ltr'>terras,</span> <span class='ocrx_word' id='word_1_145' title='bbox 973 1681 1044 1708; x_wconf 90' lang='lat' dir='ltr'>seu</span> <span class='ocrx_word' id='word_1_146' title='bbox 1064 1667 1208 1707; x_wconf 86' lang='lat' dir='ltr'>bruma</span> <span class='ocrx_word' id='word_1_147' title='bbox 1228 1664 1406 1705; x_wconf 88' lang='lat' dir='ltr'>nivalem</span> <span class='ocrx_word' id='word_1_148' title='bbox 1649 1665 1706 1706; x_wconf 81' lang='lat'>25</span> 
     </span>
     <span class='ocr_line' id='line_1_21' title="bbox 385 1733 1362 1790; baseline -0.005 -13"><span class='ocrx_word' id='word_1_149' title='bbox 385 1736 587 1777; x_wconf 87' lang='lat' dir='ltr'>Interiore</span> <span class='ocrx_word' id='word_1_150' title='bbox 607 1736 714 1778; x_wconf 88' lang='lat' dir='ltr'>diem</span> <span class='ocrx_word' id='word_1_151' title='bbox 738 1750 839 1790; x_wconf 88' lang='lat' dir='ltr'>gyro</span> <span class='ocrx_word' id='word_1_152' title='bbox 861 1734 1001 1784; x_wconf 86' lang='lat' dir='ltr'>trahit,</span> <span class='ocrx_word' id='word_1_153' title='bbox 1023 1733 1082 1774; x_wconf 91' lang='lat' dir='ltr'>ire</span> <span class='ocrx_word' id='word_1_154' title='bbox 1102 1747 1266 1774; x_wconf 89' lang='lat' dir='ltr'>necesse</span> <span class='ocrx_word' id='word_1_155' title='bbox 1287 1739 1362 1773; x_wconf 88' lang='lat' dir='ltr'>est.</span> 
     </span>
    </p>

    <p class='ocr_par' dir='ltr' id='par_1_10' title="bbox 385 1799 1593 1922">
     <span class='ocr_line' id='line_1_22' title="bbox 385 1799 1593 1859; baseline -0.006 -13"><span class='ocrx_word' id='word_1_156' title='bbox 385 1805 421 1850; x_wconf 65' lang='grc' dir='ltr'>ἿῘ</span> <span class='ocrx_word' id='word_1_157' title='bbox 449 1805 684 1854; x_wconf 88' lang='lat' dir='ltr'>Postmodo,</span> <span class='ocrx_word' id='word_1_158' title='bbox 706 1803 818 1859; x_wconf 90' lang='lat' dir='ltr'>quod</span> <span class='ocrx_word' id='word_1_159' title='bbox 838 1802 897 1843; x_wconf 76' lang='lat' dir='ltr'>mi</span> <span class='ocrx_word' id='word_1_160' title='bbox 917 1802 1037 1850; x_wconf 85' lang='lat' dir='ltr'>obsit,</span> <span class='ocrx_word' id='word_1_161' title='bbox 1059 1801 1166 1843; x_wconf 90' lang='lat' dir='ltr'>clare</span> <span class='ocrx_word' id='word_1_162' title='bbox 1186 1808 1422 1855; x_wconf 87' lang='lat' dir='ltr'>certumque</span> <span class='ocrx_word' id='word_1_163' title='bbox 1441 1799 1593 1848; x_wconf 89' lang='lat' dir='ltr'>locuto,</span> 
     </span>
     <span class='ocr_line' id='line_1_23' title="bbox 386 1867 1432 1922; baseline -0.004 -10"><span class='ocrx_word' id='word_1_164' title='bbox 386 1872 653 1912; x_wconf 90' lang='lat' dir='ltr'>Luctandum</span> <span class='ocrx_word' id='word_1_165' title='bbox 672 1871 713 1912; x_wconf 91' lang='lat' dir='ltr'>in</span> <span class='ocrx_word' id='word_1_166' title='bbox 736 1871 880 1917; x_wconf 86' lang='lat' dir='ltr'>turba;</span> <span class='ocrx_word' id='word_1_167' title='bbox 913 1869 1101 1910; x_wconf 83' lang='lat' dir='ltr'>facienda</span> <span class='ocrx_word' id='word_1_168' title='bbox 1119 1867 1270 1922; x_wconf 86' lang='lat' dir='ltr'>injuria</span> <span class='ocrx_word' id='word_1_169' title='bbox 1292 1867 1432 1909; x_wconf 88' lang='lat' dir='ltr'>tardis.</span> 
     </span>
    </p>

    <p class='ocr_par' dir='ltr' id='par_1_11' title="bbox 387 1934 1709 2121">
     <span class='ocr_line' id='line_1_24' title="bbox 388 1934 1637 1990; baseline -0.003 -10"><span class='ocrx_word' id='word_1_170' title='bbox 388 1940 425 1986; x_wconf 66' lang='grc' dir='ltr'>ἿῙ</span> <span class='ocrx_word' id='word_1_171' title='bbox 449 1939 561 1990; x_wconf 80' lang='lat' dir='ltr'>Quid</span> <span class='ocrx_word' id='word_1_172' title='bbox 581 1938 644 1979; x_wconf 91' lang='lat' dir='ltr'>vis</span> <span class='ocrx_word' id='word_1_173' title='bbox 664 1938 832 1979; x_wconf 87' lang='lat' dir='ltr'>insane?</span> <span class='ocrx_word' id='word_1_174' title='bbox 855 1944 895 1977; x_wconf 86' lang='lat' dir='ltr'>et</span> <span class='ocrx_word' id='word_1_175' title='bbox 916 1950 1015 1990; x_wconf 87' lang='lat' dir='ltr'>quas</span> <span class='ocrx_word' id='word_1_176' title='bbox 1036 1950 1098 1976; x_wconf 86' lang='lat' dir='ltr'>res</span> <span class='ocrx_word' id='word_1_177' title='bbox 1119 1934 1238 1988; x_wconf 83' lang='lat' dir='ltr'>agis?</span> <span class='ocrx_word' id='word_1_178' title='bbox 1258 1934 1468 1989; x_wconf 89' lang='lat' dir='ltr'>improbus</span> <span class='ocrx_word' id='word_1_179' title='bbox 1487 1943 1637 1990; x_wconf 86' lang='lat' dir='ltr'>urguet</span> 
     </span>
     <span class='ocr_line' id='line_1_25' title="bbox 387 2002 1709 2061; baseline -0.003 -13"><span class='ocrx_word' id='word_1_180' title='bbox 387 2007 512 2048; x_wconf 85' lang='lat' dir='ltr'>Iratis</span> <span class='ocrx_word' id='word_1_181' title='bbox 531 2006 745 2061; x_wconf 81' lang='lat' dir='ltr'>precibus3</span> <span class='ocrx_word' id='word_1_182' title='bbox 781 2013 824 2046; x_wconf 85' lang='lat' dir='ltr'>tu</span> <span class='ocrx_word' id='word_1_183' title='bbox 845 2003 983 2059; x_wconf 87' lang='lat' dir='ltr'>pulses</span> <span class='ocrx_word' id='word_1_184' title='bbox 1004 2016 1123 2043; x_wconf 88' lang='lat' dir='ltr'>omne</span> <span class='ocrx_word' id='word_1_185' title='bbox 1143 2002 1251 2057; x_wconf 91' lang='lat' dir='ltr'>quod</span> <span class='ocrx_word' id='word_1_186' title='bbox 1272 2002 1419 2050; x_wconf 87' lang='lat' dir='ltr'>obstat,</span> <span class='ocrx_word' id='word_1_187' title='bbox 1626 2047 1628 2052; x_wconf 22' lang='lat' dir='ltr'><strong>f</strong></span> <span class='ocrx_word' id='word_1_188' title='bbox 1650 2004 1709 2044; x_wconf 89' lang='lat'>30</span> 
     </span>
     <span class='ocr_line' id='line_1_26' title="bbox 389 2070 1618 2121; baseline -0.007 -5"><span class='ocrx_word' id='word_1_189' title='bbox 389 2075 464 2116; x_wconf 85' lang='lat' dir='ltr'>Ad</span> <span class='ocrx_word' id='word_1_190' title='bbox 484 2075 759 2115; x_wconf 88' lang='lat' dir='ltr'>Maecenatem</span> <span class='ocrx_word' id='word_1_191' title='bbox 779 2070 949 2113; x_wconf 85' lang='lat' dir='ltr'>memori</span> <span class='ocrx_word' id='word_1_192' title='bbox 969 2070 1003 2111; x_wconf 91' lang='lat' dir='ltr'>si</span> <span class='ocrx_word' id='word_1_193' title='bbox 1023 2077 1159 2111; x_wconf 90' lang='lat' dir='ltr'>mente</span> <span class='ocrx_word' id='word_1_194' title='bbox 1178 2070 1392 2110; x_wconf 85' lang='lat' dir='ltr'>recurras?</span> <span class='ocrx_word' id='word_1_195' title='bbox 1616 2119 1618 2121; x_wconf 17' lang='grc' dir='ltr'><strong><em>ι</em></strong></span> 
     </span>
    </p>

    <p class='ocr_par' dir='ltr' id='par_1_12' title="bbox 392 2136 1694 2262">
     <span class='ocr_line' id='line_1_27' title="bbox 393 2136 1694 2196; baseline -0.004 -13"><span class='ocrx_word' id='word_1_196' title='bbox 393 2143 430 2189; x_wconf 52' lang='lat' dir='ltr'>ql</span> <span class='ocrx_word' id='word_1_197' title='bbox 456 2141 549 2182; x_wconf 91' lang='lat' dir='ltr'>Hoc</span> <span class='ocrx_word' id='word_1_198' title='bbox 563 2142 699 2196; x_wconf 87' lang='lat' dir='ltr'>juvat,</span> <span class='ocrx_word' id='word_1_199' title='bbox 722 2148 763 2181; x_wconf 87' lang='lat' dir='ltr'>et</span> <span class='ocrx_word' id='word_1_200' title='bbox 783 2138 894 2180; x_wconf 90' lang='lat' dir='ltr'>melli</span> <span class='ocrx_word' id='word_1_201' title='bbox 913 2146 989 2186; x_wconf 89' lang='lat' dir='ltr'>est,</span> <span class='ocrx_word' id='word_1_202' title='bbox 1011 2151 1093 2177; x_wconf 91' lang='lat' dir='ltr'>non</span> <span class='ocrx_word' id='word_1_203' title='bbox 1113 2137 1301 2178; x_wconf 88' lang='lat' dir='ltr'>mentiar.</span> <span class='ocrx_word' id='word_1_204' title='bbox 1360 2137 1424 2177; x_wconf 89' lang='lat' dir='ltr'>At</span> <span class='ocrx_word' id='word_1_205' title='bbox 1444 2136 1566 2178; x_wconf 87' lang='lat' dir='ltr'>simul</span> <span class='ocrx_word' id='word_1_206' title='bbox 1586 2145 1694 2178; x_wconf 83' lang='lat' dir='ltr'>atras</span> 
     </span>
     <span class='ocr_line' id='line_1_28' title="bbox 392 2204 1423 2262; baseline -0.007 -11"><span class='ocrx_word' id='word_1_207' title='bbox 392 2212 571 2251; x_wconf 91' lang='lat' dir='ltr'>Ventum</span> <span class='ocrx_word' id='word_1_208' title='bbox 593 2217 655 2250; x_wconf 85' lang='lat' dir='ltr'>est</span> <span class='ocrx_word' id='word_1_209' title='bbox 675 2206 900 2262; x_wconf 84' lang='lat' dir='ltr'>Esquilias,</span> <span class='ocrx_word' id='word_1_210' title='bbox 921 2205 1055 2247; x_wconf 89' lang='lat' dir='ltr'>aliena</span> <span class='ocrx_word' id='word_1_211' title='bbox 1074 2204 1240 2259; x_wconf 88' lang='lat' dir='ltr'>negotia</span> <span class='ocrx_word' id='word_1_212' title='bbox 1258 2212 1423 2245; x_wconf 89' lang='lat' dir='ltr'>centum</span> 
     </span>
    </p>

    <p class='ocr_par' dir='ltr' id='par_1_13' title="bbox 392 2271 1710 2463">
     <span class='ocr_line' id='line_1_29' title="bbox 393 2271 1531 2332; baseline -0.004 -14"><span class='ocrx_word' id='word_1_213' title='bbox 393 2278 475 2318; x_wconf 89' lang='lat' dir='ltr'>Per</span> <span class='ocrx_word' id='word_1_214' title='bbox 495 2285 619 2332; x_wconf 89' lang='lat' dir='ltr'>caput</span> <span class='ocrx_word' id='word_1_215' title='bbox 635 2284 676 2317; x_wconf 89' lang='lat' dir='ltr'>et</span> <span class='ocrx_word' id='word_1_216' title='bbox 695 2276 802 2317; x_wconf 86' lang='lat' dir='ltr'>circa</span> <span class='ocrx_word' id='word_1_217' title='bbox 822 2273 974 2316; x_wconf 86' lang='lat' dir='ltr'>saliunt</span> <span class='ocrx_word' id='word_1_218' title='bbox 992 2272 1114 2314; x_wconf 81' lang='lat' dir='ltr'>latus.</span> <span class='ocrx_word' id='word_1_219' title='bbox 1174 2273 1290 2313; x_wconf 90' lang='lat' dir='ltr'>Ante</span> <span class='ocrx_word' id='word_1_220' title='bbox 1311 2271 1531 2314; x_wconf 87' lang='lat' dir='ltr'>secundam</span> 
     </span>
     <span class='ocr_line' id='line_1_30' title="bbox 392 2339 1710 2401; baseline -0.007 -13"><span class='ocrx_word' id='word_1_221' title='bbox 392 2345 570 2388; x_wconf 88' lang='lat' dir='ltr'>Roscius</span> <span class='ocrx_word' id='word_1_222' title='bbox 590 2344 732 2401; x_wconf 82' lang='lat' dir='ltr'>orabat</span> <span class='ocrx_word' id='word_1_223' title='bbox 752 2342 831 2384; x_wconf 89' lang='lat' dir='ltr'>sibi</span> <span class='ocrx_word' id='word_1_224' title='bbox 851 2342 1012 2383; x_wconf 89' lang='lat' dir='ltr'>adesses</span> <span class='ocrx_word' id='word_1_225' title='bbox 1032 2341 1085 2382; x_wconf 92' lang='lat' dir='ltr'>ad</span> <span class='ocrx_word' id='word_1_226' title='bbox 1106 2339 1255 2382; x_wconf 87' lang='lat' dir='ltr'>Puteal</span> <span class='ocrx_word' id='word_1_227' title='bbox 1275 2354 1375 2381; x_wconf 76' lang='lat' dir='ltr'>cras,</span> <span class='ocrx_word' id='word_1_228' title='bbox 1652 2340 1710 2381; x_wconf 88' lang='grc'>35</span> 
     </span>
     <span class='ocr_line' id='line_1_31' title="bbox 393 2409 1410 2463; baseline -0.006 -9"><span class='ocrx_word' id='word_1_229' title='bbox 393 2415 461 2454; x_wconf 90' lang='lat' dir='ltr'>De</span> <span class='ocrx_word' id='word_1_230' title='bbox 480 2427 523 2453; x_wconf 88' lang='lat' dir='ltr'>re</span> <span class='ocrx_word' id='word_1_231' title='bbox 545 2410 750 2453; x_wconf 88' lang='lat' dir='ltr'>communi</span> <span class='ocrx_word' id='word_1_232' title='bbox 771 2409 914 2451; x_wconf 86' lang='lat' dir='ltr'>scribae</span> <span class='ocrx_word' id='word_1_233' title='bbox 935 2423 1083 2463; x_wconf 89' lang='lat' dir='ltr'>magna</span> <span class='ocrx_word' id='word_1_234' title='bbox 1102 2415 1224 2462; x_wconf 90' lang='lat' dir='ltr'>atque</span> <span class='ocrx_word' id='word_1_235' title='bbox 1243 2421 1350 2448; x_wconf 91' lang='lat' dir='ltr'>nova</span> <span class='ocrx_word' id='word_1_236' title='bbox 1370 2415 1410 2448; x_wconf 89' lang='lat' dir='ltr'>te</span> 
     </span>
    </p>

    <p class='ocr_par' dir='ltr' id='par_1_14' title="bbox 375 2474 1386 2526">
     <span class='ocr_line' id='line_1_32' title="bbox 375 2474 1386 2526; baseline -0.007 -5"><span class='ocrx_word' id='word_1_237' title='bbox 375 2481 579 2522; x_wconf 81' lang='lat' dir='ltr'>&#39;Orabant</span> <span class='ocrx_word' id='word_1_238' title='bbox 598 2478 721 2519; x_wconf 92' lang='lat' dir='ltr'>hodie</span> <span class='ocrx_word' id='word_1_239' title='bbox 743 2476 1010 2526; x_wconf 87' lang='lat' dir='ltr'>meminisses,</span> <span class='ocrx_word' id='word_1_240' title='bbox 1033 2475 1202 2526; x_wconf 85' lang='lat' dir='ltr'>Quinte,</span> <span class='ocrx_word' id='word_1_241' title='bbox 1222 2474 1386 2515; x_wconf 83' lang='lat' dir='ltr'>reverti.</span> 
     </span>
    </p>

    <p class='ocr_par' dir='ltr' id='par_1_15' title="bbox 394 2540 1376 2602">
     <span class='ocr_line' id='line_1_33' title="bbox 394 2540 1376 2602; baseline -0.008 -14"><span class='ocrx_word' id='word_1_242' title='bbox 394 2546 613 2602; x_wconf 87' lang='lat' dir='ltr'>Imprimat</span> <span class='ocrx_word' id='word_1_243' title='bbox 632 2545 697 2585; x_wconf 88' lang='lat' dir='ltr'>his</span> <span class='ocrx_word' id='word_1_244' title='bbox 718 2559 814 2585; x_wconf 83' lang='lat' dir='ltr'>cura</span> <span class='ocrx_word' id='word_1_245' title='bbox 833 2545 1044 2584; x_wconf 83' lang='lat' dir='ltr'>Maecenas</span> <span class='ocrx_word' id='word_1_246' title='bbox 1066 2542 1181 2596; x_wconf 87' lang='lat' dir='ltr'>signa</span> <span class='ocrx_word' id='word_1_247' title='bbox 1203 2540 1376 2582; x_wconf 81' lang='lat' dir='ltr'>tabellis.</span> 
     </span>
    </p>

    <p class='ocr_par' dir='ltr' id='par_1_16' title="bbox 355 2607 1711 2805">
     <span class='ocr_line' id='line_1_34' title="bbox 355 2607 1533 2666; baseline -0.007 -10"><span class='ocrx_word' id='word_1_248' title='bbox 355 2661 357 2665; x_wconf 22' lang='lat'><strong>¹</strong></span> <span class='ocrx_word' id='word_1_249' title='bbox 391 2613 574 2662; x_wconf 84' lang='lat' dir='ltr'>Dixeris,</span> <span class='ocrx_word' id='word_1_250' title='bbox 597 2612 826 2666; x_wconf 86' lang='lat' dir='ltr'>Experiar:</span> <span class='ocrx_word' id='word_1_251' title='bbox 862 2611 907 2652; x_wconf 87' lang='lat' dir='ltr'>Si</span> <span class='ocrx_word' id='word_1_252' title='bbox 927 2610 1004 2659; x_wconf 86' lang='lat' dir='ltr'>vis,</span> <span class='ocrx_word' id='word_1_253' title='bbox 1026 2617 1157 2664; x_wconf 85' lang='lat' dir='ltr'>potes,</span> <span class='ocrx_word' id='word_1_254' title='bbox 1181 2608 1310 2658; x_wconf 85' lang='lat' dir='ltr'>addit,</span> <span class='ocrx_word' id='word_1_255' title='bbox 1332 2615 1373 2649; x_wconf 90' lang='lat' dir='ltr'>et</span> <span class='ocrx_word' id='word_1_256' title='bbox 1394 2607 1533 2649; x_wconf 86' lang='lat' dir='ltr'>instat.</span> 
     </span>
     <span class='ocr_line' id='line_1_35' title="bbox 392 2676 1711 2738; baseline -0.009 -13"><span class='ocrx_word' id='word_1_257' title='bbox 392 2682 599 2738; x_wconf 90' lang='lat' dir='ltr'>Septimus</span> <span class='ocrx_word' id='word_1_258' title='bbox 619 2688 763 2721; x_wconf 88' lang='lat' dir='ltr'>octavo</span> <span class='ocrx_word' id='word_1_259' title='bbox 783 2677 946 2733; x_wconf 90' lang='lat' dir='ltr'>propior</span> <span class='ocrx_word' id='word_1_260' title='bbox 959 2678 1047 2733; x_wconf 86' lang='lat' dir='ltr'>jam</span> <span class='ocrx_word' id='word_1_261' title='bbox 1067 2676 1220 2731; x_wconf 88' lang='lat' dir='ltr'>fugerit</span> <span class='ocrx_word' id='word_1_262' title='bbox 1240 2691 1386 2726; x_wconf 92' lang='lat' dir='ltr'>annus,</span> <span class='ocrx_word' id='word_1_263' title='bbox 1655 2678 1711 2719; x_wconf 83' lang='lat'>40</span> 
     </span>
     <span class='ocr_line' id='line_1_36' title="bbox 390 2744 1382 2805; baseline -0.008 -13"><span class='ocrx_word' id='word_1_264' title='bbox 390 2752 460 2792; x_wconf 86' lang='lat' dir='ltr'>Ex</span> <span class='ocrx_word' id='word_1_265' title='bbox 481 2764 561 2805; x_wconf 93' lang='lat' dir='ltr'>quo</span> <span class='ocrx_word' id='word_1_266' title='bbox 583 2749 794 2790; x_wconf 86' lang='lat' dir='ltr'>Maecenas</span> <span class='ocrx_word' id='word_1_267' title='bbox 815 2760 880 2786; x_wconf 91' lang='lat' dir='ltr'>me</span> <span class='ocrx_word' id='word_1_268' title='bbox 901 2745 1026 2800; x_wconf 87' lang='lat' dir='ltr'>coepit</span> <span class='ocrx_word' id='word_1_269' title='bbox 1046 2744 1197 2786; x_wconf 88' lang='lat' dir='ltr'>habere</span> <span class='ocrx_word' id='word_1_270' title='bbox 1218 2759 1382 2785; x_wconf 90' lang='lat' dir='ltr'>suorum</span> 
     </span>
    </p>

    <p class='ocr_par' dir='ltr' id='par_1_17' title="bbox 391 2812 1511 2869">
     <span class='ocr_line' id='line_1_37' title="bbox 391 2812 1511 2869; baseline -0.006 -8"><span class='ocrx_word' id='word_1_271' title='bbox 391 2821 446 2861; x_wconf 91' lang='lat' dir='ltr'>In</span> <span class='ocrx_word' id='word_1_272' title='bbox 465 2832 649 2868; x_wconf 90' lang='lat' dir='ltr'>numero,</span> <span class='ocrx_word' id='word_1_273' title='bbox 671 2817 875 2858; x_wconf 83' lang='lat' dir='ltr'>duntaxat</span> <span class='ocrx_word' id='word_1_274' title='bbox 895 2815 947 2856; x_wconf 88' lang='lat' dir='ltr'>ad</span> <span class='ocrx_word' id='word_1_275' title='bbox 967 2813 1060 2866; x_wconf 90' lang='lat' dir='ltr'>hoc,</span> <span class='ocrx_word' id='word_1_276' title='bbox 1080 2827 1199 2869; x_wconf 87' lang='lat' dir='ltr'>quem</span> <span class='ocrx_word' id='word_1_277' title='bbox 1222 2812 1363 2854; x_wconf 85' lang='lat' dir='ltr'>tollere</span> <span class='ocrx_word' id='word_1_278' title='bbox 1382 2812 1511 2854; x_wconf 88' lang='lat' dir='ltr'>rheda</span> 
     </span>
    </p>
   </div>
  </div>
 </body>
</html>
