1962 3268
365 266 451 307 240
795 282 835 312 Q.
869 282 1063 310 HoreA'rn
1097 283 1262 311 FLAccr

363 379 454 420 Nec
473 379 532 420 sic
552 378 737 435 incipies,
759 389 806 423 ut
827 380 999 437 scriptor
1014 382 1193 438 cyclicus
1208 383 1304 424 olim
1323 398 1334 430 ;

363 447 391 466 “
405 446 633 489 Fortunam
656 448 812 491 Priami
833 451 1005 492 cantabo
1026 458 1066 492 et
1086 450 1223 492 nobile
1243 450 1434 493 bellum.”

361 514 473 564 Quid
493 514 665 570 dignum
687 525 802 559 tanto
821 517 926 559 feret
946 517 1014 560 hic
1033 518 1252 573 promissor
1272 518 1419 560 hiatu?

359 582 602 625 Parturiunt
622 593 796 638 montes,
815 594 1006 628 nascetur
1025 586 1223 628 ridiculus
1243 601 1350 628 mus.

359 650 524 700 Quanto
542 652 693 694 rectius
712 653 796 704 hic,
817 652 888 709 qui
907 652 965 694 nil
987 653 1155 694 molitur
1173 654 1330 708 inepte:
1592 653 1678 694 140

359 717 388 736 “
405 717 489 758 Dic
508 718 626 769 mihi,
651 718 791 770 Musa,
806 720 956 769 virum,
978 730 1110 775 captae
1130 730 1222 776 post
1244 729 1425 777 tempora
1446 722 1603 777 Trojae,

359 785 388 805 “
403 784 486 835 Qui
505 799 635 828 mores
654 787 867 829 hominum
888 788 1108 829 multorum
1131 787 1235 830 vidit
1256 797 1296 831 et
1315 789 1473 831 urbes?

357 852 455 893 Non
473 851 634 894 fumum
650 869 705 896 ex
723 854 900 909 fulgore,
917 855 989 896 sed
1009 870 1059 896 ex
1078 854 1193 895 fumo
1214 856 1312 897 dare
1331 856 1465 897 lucem

358 918 541 973 Cogitat,
563 928 610 961 ut
630 920 813 975 speciosa
832 920 983 962 dehinc
1003 921 1200 962 miracula
1219 930 1393 976 promat,

355 987 627 1042 Antiphaten,
648 986 923 1044 Scyllamque,
941 996 982 1037 et
1002 1002 1095 1030 cum
1113 988 1296 1044 Cyclope
1314 988 1555 1045 Charybdin
1566 1005 1577 1038 3
1589 990 1673 1032 145

355 1055 447 1096 Nec
465 1056 642 1097 reditum
664 1056 880 1097 Diomedis
895 1057 947 1098 ab
962 1055 1132 1098 interitu
1152 1056 1370 1112 Meleagri,

353 1122 397 1163 N
400 1137 446 1164 ec
465 1124 629 1178 gemino
648 1123 804 1165 bellum
832 1124 1060 1179 Trojanum
1083 1124 1242 1166 orditur
1263 1124 1314 1165 ab
1336 1138 1426 1165 ovo.

357 1189 526 1245 Semper
545 1191 598 1232 ad
618 1199 810 1232 eventum
831 1191 1014 1243 festinat,
1037 1200 1078 1233 et
1098 1191 1141 1232 in
1161 1191 1317 1233 medias
1337 1206 1414 1243 res,

354 1258 452 1298 Non
473 1273 588 1299 secus
609 1273 655 1300 ac
675 1267 807 1308 notas,
828 1258 1057 1300 auditorem
1074 1259 1195 1314 rapit,
1216 1267 1257 1300 et
1276 1273 1369 1314 quae

353 1324 559 1380 Desperat
581 1333 755 1367 tractata
775 1325 973 1367 nitescere
993 1340 1126 1381 posse,
1147 1326 1366 1381 relinquit3
1587 1328 1672 1368 150

351 1393 490 1448 Atque
508 1393 567 1434 ita
586 1392 798 1442 mentitur,
820 1392 878 1433 sic
897 1393 1003 1434 veris
1023 1393 1125 1435 falsa
1146 1393 1347 1444 remiscet‚

352 1459 496 1501 Primo
516 1475 568 1501 ne
584 1459 779 1510 medium,
798 1459 933 1500 medio
953 1475 1005 1501 ne
1026 1460 1228 1515 discrepet
1249 1460 1391 1502 imum.

354 1528 440 1578 Tu,
462 1527 562 1582 quid
583 1542 673 1583 ego,
695 1535 735 1568 et
755 1526 932 1581 populus
953 1541 1110 1569 mecum
1127 1528 1344 1579 desideret,
1364 1529 1476 1570 audi.

352 1594 398 1636 Si
418 1595 618 1650 plausoris
638 1610 732 1650 eges
753 1594 884 1636 aulaea
903 1596 1121 1646 manentis,
1144 1605 1184 1638 et
1203 1611 1335 1652 usque

351 1662 512 1704 Sessuri
528 1663 657 1704 donec
678 1670 832 1713 cantor,
855 1663 940 1703 Vos
960 1663 1160 1718 plaudite,
1182 1663 1309 1715 dicat,
1583 1666 1668 1708 155

350 1729 511 1772 AEtatis
532 1730 728 1787 cujusque
748 1730 919 1771 notandi
941 1739 1036 1772 sunt
1057 1731 1130 1773 tibi
1152 1745 1308 1780 mores;

350 1798 659 1854 Mobilibusque
680 1798 802 1839 decor
820 1798 979 1840 naturis
998 1799 1158 1840 dandus
1178 1807 1218 1840 et
1239 1799 1371 1841 annis.

350 1867 543 1908 Reddere
564 1866 634 1922 qui
655 1881 774 1907 voces
786 1866 875 1921 jam
897 1865 972 1907 scit
992 1880 1107 1920 puer,
1129 1875 1170 1907 et
1190 1867 1294 1921 pede
1314 1875 1424 1908 certo

351 1934 497 1990 Signat
511 1934 699 1984 humum,
721 1933 845 1988 gestit
865 1933 1031 1988 paribus
1051 1934 1271 1985 colludere,
1293 1943 1334 1976 et
1350 1934 1451 1976 iram

350 2001 522 2056 Colligit
541 2015 588 2042 ac
607 2000 724 2054 ponit
743 2008 910 2050 temere,
932 2008 972 2041 et
993 2008 1175 2041 mutatur
1194 2001 1237 2041 in
1258 2001 1394 2043 horas.
1580 2001 1665 2044 160

349 2069 565 2111 Imberbus
578 2067 761 2123 juvenis,
783 2067 948 2108 tandem
970 2067 1138 2108 custode
1157 2075 1328 2118 remoto,

349 2136 518 2178 Gaudet
538 2134 652 2190 equis
673 2133 939 2188 canibusque,
961 2141 1001 2175 et
1021 2133 1148 2188 aprici
1167 2134 1351 2190 gramine
1370 2136 1534 2192 campi;

348 2205 502 2245 Cereus
522 2202 565 2243 in
581 2201 729 2243 vitium
749 2200 874 2252 flecti,
896 2201 1165 2243 monitoribus
1185 2216 1321 2257 asper,

345 2270 529 2313 Utilium
549 2269 690 2311 tardus
710 2268 911 2324 provisor,
932 2269 1130 2324 prodigus
1152 2269 1261 2320 aeris,

348 2337 557 2386 Sublimis,
574 2335 843 2391 cupidusque,
864 2344 906 2377 et
926 2344 1061 2377 amata
1079 2336 1308 2391 relinquere
1328 2337 1486 2392 pernix.
1578 2337 1663 2380 165

347 2404 567 2447 Conversis
588 2403 752 2454 studiis,
773 2411 873 2445 aetas
889 2403 1129 2457 animusque
1148 2402 1279 2444 virilis

345 2465 505 2522 Quaerit
525 2486 622 2526 opes
643 2479 683 2512 et
704 2470 919 2522 amicitias,
941 2470 1110 2512 inservit
1130 2470 1289 2521 honori,

345 2538 609 2582 Commisisse
627 2546 745 2579 cavet
765 2538 877 2592 quod
897 2551 991 2579 mox
1012 2547 1168 2579 mutare
1188 2538 1356 2580 laboret.

344 2607 487 2648 Multa
508 2619 644 2647 senem
666 2604 992 2646 circumveniunt
1012 2605 1294 2653 incommoda3
1330 2604 1395 2645 vel
1415 2607 1526 2660 quod

342 2673 517 2725 Quaerit,
539 2680 581 2713 ct
600 2670 779 2712 inventis
800 2671 923 2712 miser
943 2671 1136 2721 abstinet,
1159 2686 1206 2713 ac
1227 2671 1343 2713 timet
1364 2671 1424 2712 uti
1440 2689 1452 2719 ;
1471 2683 1483 2694 ⁴
1573 2672 1659 2730 170

341 2743 419 2784 Vel
439 2739 549 2796 quod
561 2753 631 2783 ,res
652 2751 791 2779 omnes
808 2737 951 2779 timide
971 2738 1189 2793 gelideque
1209 2738 1427 2789 ministrat,
