1962 3268
594 269 654 298 DE
688 269 813 299 ARTE
846 268 1057 305 Pon'ricA,
1097 270 1159 297 AD
1193 269 1395 299 PIsONEs.
1571 258 1659 300 243

318 368 448 412 Silvis
467 368 636 412 deducti
657 378 843 419 caveant,
861 384 927 412 me
941 369 1100 426 judice,
1127 370 1282 422 Fauni,

318 437 402 489 Ne,
423 436 540 480 velut
558 437 692 480 innati
713 437 848 480 triviis
867 452 915 480 ac
934 452 1040 494 pene
1061 438 1258 491 forenses,
1569 440 1654 482 245

315 506 411 548 Aut
429 506 605 549 nimium
626 506 777 549 teneris
791 506 1048 562 juvenentur
1062 508 1249 550 versibus
1269 522 1475 564 unquam;

311 574 408 616 Aut
424 574 641 617 immunda
660 582 829 631 crepent
848 573 1207 631 ignominiosaque
1227 575 1357 616 dicta:

312 641 600 684 offenduntur
619 642 731 685 enim
752 642 902 699 quibus
918 650 982 685 est
992 641 1144 699 'equum
1166 650 1208 685 et
1227 651 1360 698 pater,
1382 651 1424 684 et
1444 657 1534 692 res;

310 709 418 761 Nec,
439 709 576 765 siquid
594 709 708 751 fricti
727 709 871 752 ciceris
891 710 1053 765 probat,
1076 719 1119 752 et
1140 710 1260 752 nucis
1280 719 1425 762 emtor,

309 774 468 833 AEquis
487 776 699 833 accipiunt
720 777 884 827 animis,
906 777 1117 819 donantve
1138 792 1302 820 corona.
1566 779 1653 820 250

310 844 482 901 Syllaba
498 844 625 900 longa
643 843 760 887 brevi
791 845 978 900 subjecta
998 853 1171 887 vocatur
1195 846 1368 888 Iambus
1385 863 1397 895 ;

311 912 394 954 Pes
411 912 543 962 citus;
575 912 688 954 unde
707 912 831 955 etiam
854 912 1051 955 trimetris
1072 928 1303 957 accrescere
1318 915 1449 971 jussit

312 980 480 1023 Nomen
500 979 697 1032 Iambeis,
719 994 812 1022 cum
836 995 954 1022 senos
975 981 1168 1024 redderet
1187 982 1312 1034 ictus,

314 1047 484 1090 Primus
503 1047 560 1090 ad
577 1056 806 1090 extremum
829 1048 974 1090 similis
997 1048 1099 1091 sibi:
1133 1064 1216 1091 non
1237 1049 1298 1093 ita
1318 1050 1496 1106 pridem,

309 1115 492 1158 Tardior
508 1123 557 1158 ut
576 1116 703 1172 paulo
722 1117 968 1173 graviorque
988 1117 1148 1160 veniret
1168 1118 1222 1160 ad
1243 1133 1375 1170 aures,
1565 1119 1651 1161 255

313 1184 528 1240 Spondeos
544 1185 711 1228 stabiles
731 1185 775 1227 in
789 1185 888 1241 jura
907 1194 1080 1242 paterna
1099 1187 1256 1243 recepit

310 1251 568 1296 Commodus
587 1262 630 1296 et
648 1253 809 1309 patiens
826 1270 838 1303 ;
871 1269 952 1295 non
974 1263 1023 1297 ut
1043 1255 1096 1297 de
1116 1256 1212 1298 sede
1233 1257 1414 1299 semmda

312 1320 492 1364 Cederet
507 1330 580 1364 aut
600 1330 748 1378 quarta
768 1321 975 1364 socialiter
992 1337 1001 1362 :
1034 1322 1103 1364 hic
1120 1331 1161 1364 et
1182 1323 1226 1364 in
1247 1324 1352 1365 Acci

311 1388 536 1433 Nobilibus
558 1390 782 1432 Trimetris
798 1399 970 1445 apparet
990 1406 1120 1442 rarus,
1142 1399 1184 1433 et
1205 1391 1341 1442 Enni,

313 1457 368 1500 In
389 1471 553 1500 scenam
574 1458 720 1500 missos
739 1473 889 1512 magno
911 1473 1003 1499 cum
1025 1460 1209 1514 pondere
1230 1475 1388 1514 versus,
1560 1460 1648 1504 260

309 1526 406 1568 Aut
425 1540 562 1582 operae
577 1525 721 1568 celeris
740 1525 915 1567 nimium
937 1540 1115 1583 curaque
1135 1528 1327 1580 carentis,

309 1593 399 1636 Aut
417 1593 620 1650 ignoratae
639 1593 791 1650 premit
811 1594 910 1635 artis
930 1594 1100 1637 crimine
1118 1595 1241 1651 turpi.

311 1661 414 1703 Non
433 1661 569 1718 quivis
585 1662 701 1704 videt
721 1661 994 1704 immodulata
1013 1669 1208 1719 poemata
1220 1664 1382 1720 judex3

310 1729 375 1772 Et
391 1729 504 1774 data
525 1730 728 1772 Romanis
747 1730 868 1773 venia
887 1739 949 1772 est
970 1731 1144 1787 indigna
1167 1732 1315 1788 poetis.

311 1798 531 1841 Idcircone
551 1813 692 1855 vager,
714 1799 971 1855 scribamque
992 1799 1195 1843 licenter?
1227 1802 1293 1844 Ut
1313 1817 1454 1845 omnes
1559 1802 1645 1846 265

316 1865 490 1909 visuros
509 1876 678 1923 peccata
698 1875 841 1922 putem
861 1881 968 1918 mea,
991 1876 1121 1920 tutus,
1144 1878 1186 1912 et
1202 1869 1312 1913 intra

310 1937 438 1991 Spem
459 1936 592 1979 veniae
613 1945 759 1980 cautus
767 1950 779 1985 3
811 1936 942 1978 vitavi
957 1937 1136 1993 denique
1155 1939 1335 1994 culpam,

309 2004 410 2046 Non
426 2004 592 2047 laudem
614 2004 761 2047 merui.
821 2005 908 2046 Vos
929 2006 1180 2061 exemplaria
1202 2007 1353 2050 Graeca

306 2071 527 2117 Nocturna
546 2081 707 2115 versate
727 2086 868 2122 manu,
889 2081 1054 2115 versate
1074 2074 1236 2117 diurna.

305 2142 373 2182 At
391 2141 518 2183 vestri
537 2141 682 2196 proavi
703 2139 922 2182 Plautinos
943 2149 985 2182 et
1005 2155 1212 2193 numeros,
1234 2152 1276 2185 et
1556 2145 1643 2200 270

307 2207 555 2251 Laudavere
572 2208 705 2257 sales3
737 2206 912 2249 nimium
935 2209 1141 2263 patienter
1161 2218 1396 2267 utrumque,

305 2276 375 2318 Ne
397 2276 532 2320 dicam
555 2276 695 2327 stulte,
716 2276 878 2325 mirati3
910 2276 945 2318 si
964 2278 1087 2320 modo
1107 2293 1184 2334 ego
1205 2288 1246 2322 et
1267 2295 1339 2323 vos

308 2343 471 2386 Scimus
490 2343 738 2387 inurbanum
759 2344 900 2400 lepido
922 2360 1117 2401 seponere
1137 2347 1264 2400 dicto,

305 2412 650 2470 Legitimumque
670 2428 815 2455 sonum
837 2413 982 2470 digitis
1002 2414 1200 2457 callemus
1220 2425 1261 2459 et
1282 2432 1391 2461 aure.

307 2481 509 2536 Ignotum
531 2481 701 2538 tragicae
722 2497 853 2537 genus
875 2482 1082 2526 invenisse
1104 2483 1320 2528 Camoenae
1555 2488 1640 2543 275

305 2549 490 2602 Dicitur,
512 2558 553 2592 et
574 2549 769 2606 plaustris
790 2550 949 2594 vexisse
969 2559 1162 2607 poemata
1184 2554 1383 2611 Thespis,

307 2617 413 2668 Quae
434 2626 627 2660 canerent
647 2628 898 2676 agerentque
919 2622 1109 2676 peruncti
1129 2622 1300 2665 faecibus
1319 2640 1401 2667 ora.

224 2717 234 2722 -
308 2685 412 2727 Post
432 2684 765 2741 hunepersonae,
787 2688 994 2744 pallaeque
1016 2700 1200 2746 repertor
1220 2691 1405 2735 honestae

306 2751 552 2808 AEschylus,
574 2763 614 2796 et
636 2756 807 2801 modicis
827 2756 1021 2801 instravit
1041 2759 1204 2815 pulpita
1225 2760 1367 2815 tignis,

1386 2842 1409 2868 R
1444 2830 1472 2868 2
