1962 3268
631 372 953 403 1-:1’1s'ror2ARUM
991 372 1081 400 mn.
1114 371 1164 399 11.
1199 359 1235 399 1.
1521 356 1608 396 223

270 479 524 523 Pontificum
547 478 686 528 libros,
708 492 863 520 annosa
883 476 1095 518 volumina
1115 483 1273 526 vatum,

272 549 453 593 Dictitet
474 548 637 591 Albano
657 548 805 589 Musas
825 546 869 587 in
890 553 1029 587 monte
1048 545 1220 586 locutas.
1315 594 1325 604 .

275 617 336 668 Si,
357 617 456 673 quia
477 617 721 659 Graecorum
743 622 840 657 sunt
860 612 1147 669 antiquissima
1165 625 1341 668 quaeque

271 685 441 740 Scripta
461 685 528 726 vel
548 684 719 740 optima,
741 681 923 725 Romani
943 689 1141 736 pensatur
1162 680 1304 722 eadem

274 753 505 808 Scriptores
526 751 698 800 trutina,
718 765 802 792 non
823 757 886 791 est
905 749 1017 804 quod
1038 748 1170 789 multa
1189 748 1428 803 loquamur:
1557 750 1614 788 30

276 820 354 863 Nil
372 820 482 862 intra
502 828 564 862 est
585 819 731 869 oleam,
754 817 816 859 nil
835 825 952 859 extra
972 823 1035 857 est
1055 815 1099 856 in
1119 829 1226 857 nuce
1246 815 1355 856 duri.

277 887 477 930 Venimus
497 887 551 930 ad
571 899 778 928 summum
797 885 1001 926 fortunae:
1033 883 1275 939 pinguimus
1290 890 1414 938 atque

280 955 520 1006 Psallimus‚
542 963 584 1006 et
602 954 808 996 luctamur
829 952 1001 994 Achivis
1022 951 1184 993 doctius
1203 951 1354 993 unctis.

280 1023 327 1065 Si
347 1023 518 1065 meliora
536 1015 642 1072 dies,
663 1030 711 1063 ut
732 1021 844 1072 vina,
865 1025 1055 1076 poemata
1075 1019 1227 1070 reddit,

282 1090 398 1132 Scire
418 1089 559 1140 velim,
581 1089 761 1144 pretium
783 1088 937 1131 chartis
957 1096 1107 1143 quotus
1128 1096 1291 1143 arroget
1310 1102 1457 1129 annus.
1561 1088 1617 1127 35

283 1158 471 1213 Scriptor
491 1157 643 1199 ab'hinc
663 1172 792 1199 annos
813 1165 978 1198 centum
1000 1155 1071 1210 qui
1091 1155 1259 1207 decidit,
1281 1156 1390 1198 inter

285 1225 759 1281 Perfectosveteresque
778 1224 921 1267 referri
942 1224 1097 1265 debet?
1129 1238 1182 1265 an
1202 1224 1311 1266 inter

284 1294 399 1335 Viles
420 1301 544 1349 atque
564 1296 723 1335 novos?
755 1293 949 1335 excludat
962 1291 1104 1347 jurgia
1124 1291 1231 1333 finis.

283 1361 332 1420 qs
356 1363 438 1403 Est
459 1369 577 1403 vetus
598 1368 722 1416 atque
743 1361 911 1415 probus,
933 1369 1098 1401 centum
1120 1359 1192 1414 qui
1212 1359 1374 1414 perficit
1393 1373 1535 1401 annos.

283 1430 325 1478 ἾῘ
349 1429 478 1481 Quid,
499 1427 572 1484 qui
592 1427 771 1483 deperiit
791 1428 925 1468 minor
940 1441 1024 1468 uno
1044 1441 1200 1478 mense,
1221 1427 1289 1469 vel
1309 1442 1432 1475 anno,
1569 1428 1623 1466 40

287 1498 407 1539 Inter
425 1510 529 1552 quos
549 1495 787 1537 referendus
808 1495 886 1536 erit
903 1497 920 1534 Ρ
952 1503 1163 1536 veteresne
1182 1501 1324 1550 poetas
1342 1499 1359 1537 P

287 1567 354 1606 An
375 1579 477 1621 quos
497 1572 539 1606 et
558 1577 739 1619 praesens
759 1571 800 1604 et
820 1570 983 1617 postera
1002 1571 1170 1617 respuat
1190 1566 1325 1605 aetas?

289 1634 335 1691 ἿῙ
361 1634 449 1675 Iste
469 1631 636 1688 quidem
659 1638 818 1672 veteres
838 1629 946 1672 inter
966 1639 1144 1685 ponetur
1163 1630 1350 1682 honeste,

286 1700 374 1752 Qui
395 1699 462 1742 vel
483 1713 624 1741 mense
642 1698 759 1740 brevi
782 1698 846 1740 vel
866 1706 954 1740 toto
975 1707 1036 1740 est
1051 1698 1195 1753 junior
1215 1714 1336 1740 anno.

290 1768 330 1815 ἾῘ
355 1769 466 1809 Utor
486 1767 700 1823 permisso,
722 1766 948 1822 caudaeque
968 1766 1074 1821 pilos
1094 1775 1142 1808 ut
1162 1767 1339 1822 equinae,
1575 1770 1627 1808 45

293 1835 503 1879 Paulatim
526 1835 648 1886 vello,
670 1843 712 1876 et
733 1835 853 1876 demo
873 1849 1019 1885 unum,
1042 1835 1162 1876 demo
1182 1835 1306 1877 etiam
1328 1850 1455 1877 unum
1474 1853 1485 1884 ς

294 1902 410 1943 Dum
432 1901 554 1943 cadat
573 1901 713 1943 elusus
732 1901 892 1943 ratione
912 1902 1070 1944 ruentis
1086 1904 1236 1954 acervi,

295 1969 380 2020 Qui
399 1969 508 2010 redit
528 1969 582 2010 ad
600 1969 743 2019 fastos,
765 1977 807 2011 et
829 1969 1025 2011 virtutem
1049 1971 1227 2013 aestimat
1243 1972 1377 2022 annis,

297 2036 562 2091 Miraturque
582 2036 690 2077 nihil
704 2036 785 2077 nisi
806 2037 918 2092 quod
939 2038 1130 2080 Libitina
1149 2039 1339 2081 sacravit.

295 2101 478 2153 Ennius,
500 2111 542 2144 et
562 2102 727 2158 sapiens
746 2111 788 2145 et
808 2103 941 2155 fortis,
962 2113 1003 2146 et
1018 2105 1122 2147 alter
1143 2108 1371 2160 Homerus,
1577 2112 1632 2150 50

297 2171 361 2213 Ut
382 2170 514 2213 critici
535 2170 696 2220 dicunt,
717 2171 866 2212 leviter
886 2186 1029 2213 curare
1048 2173 1228 2225 videtur,

297 2240 393 2289 Quo
412 2237 614 2292 promissa
634 2238 799 2288 cadant,
821 2246 863 2279 et
884 2238 1043 2280 somnia
1064 2239 1343 2296 Pythagorea.

299 2305 476 2347 Naevius
496 2305 539 2346 in
561 2304 751 2347 manibus
770 2319 855 2346 non
876 2314 953 2356 est,
975 2314 1017 2347 et
1038 2308 1244 2350 mentibus
1264 2309 1395 2351 haeret

298 2373 412 2414 Pene
432 2374 605 2414 recens?
637 2372 740 2414 adeo
760 2381 948 2415 sanctum
969 2382 1031 2415 est
1052 2383 1171 2417 vetus
1191 2391 1312 2418 omne
1332 2383 1489 2433 poema.

300 2439 539 2494 Ambigitur
561 2439 722 2495 quoties
743 2448 835 2483 uter
855 2449 949 2482 utro
967 2442 1024 2483 sit
1042 2442 1168 2497 prior,
1190 2444 1324 2487 aufert
1579 2448 1634 2487 55

302 2506 512 2548 Pacuvius
534 2506 646 2548 docti
666 2506 817 2549 famam
839 2508 963 2560 senis,
984 2510 1136 2552 Accius
1157 2511 1256 2553 alti:

302 2573 472 2615 Dicitur
491 2573 641 2615 Afrani
662 2582 759 2629 toga
777 2576 1017 2619 convenisse
1038 2579 1275 2622 Menandro
1292 2598 1304 2630 ς

304 2641 479 2683 Plautus
500 2642 553 2683 ad
574 2643 783 2698 exemplar
806 2644 936 2686 Siculi
958 2660 1175 2702 properare
1195 2649 1438 2704 Epicharmi
1458 2668 1468 2698 ;

306 2708 482 2750 Vincere
504 2708 702 2752 Caecilius
722 2711 942 2766 gravitate,
966 2715 1192 2758 Terentius
1211 2726 1309 2759 arte.

308 2775 401 2816 Hos
421 2774 581 2825 ediscit,
603 2784 644 2818 et
664 2777 740 2819 hos
760 2788 873 2822 arcto
894 2781 1045 2836 stipata
1067 2783 1229 2826 theatro
1582 2786 1638 2826 60

310 2844 480 2897 Spectat
501 2843 638 2885 Roma
657 2853 803 2898 potens
820 2864 831 2895 ;
865 2848 992 2891 habet
1012 2850 1087 2892 hos
1108 2863 1377 2907 numeratque
1398 2859 1538 2907 poetas
