1962 3268
668 307 995 337 EPISTOLARUM
1030 307 1119 334 mn.
1154 306 1185 333 ῐ.
1218 294 1285 334 11.
1560 290 1645 331 183

314 411 451 462 Quam
471 423 566 466 quae
584 423 658 465 per
676 422 852 464 pronum
873 407 1055 464 trepidat
1074 421 1168 449 cum
1190 419 1399 448 murmure
1416 404 1588 446 rivum?

313 478 480 533 Nempe
498 477 607 519 inter
626 476 761 518 varias
780 475 964 517 nutritur
984 474 1090 516 silva
1108 475 1336 525 columnas,

311 545 615 600 >Laudaturque
634 543 781 584 domus
796 542 942 597 longos
962 557 1056 598 quae
1077 542 1276 598 prospicit
1292 556 1425 603 agros.

314 609 520 654 Naturam
541 610 721 666 expelles
740 608 872 661 furca,
893 618 1031 651 tamen
1051 624 1182 665 usque
1206 608 1403 659 recurret,

313 679 376 722 Et
394 678 504 721 mala
523 685 762 734 perrumpet
779 676 924 719 furtim
943 676 1113 719 fastidia
1134 676 1296 719 victrix.
1593 675 1650 714 25

314 746 428 798 Non,
448 745 521 803 qui
544 745 715 788 Sidonio
736 744 983 787 contendere
1002 745 1176 787 callidus
1197 752 1308 786 ostro

314 813 462 856 Nescit
481 804 737 870 Aquinatem
757 812 946 869 potantia
965 812 1118 855 vellera
1136 813 1295 863 fucum,

314 882 484 925 Certius
504 881 679 938 accipiet
699 881 913 932 damnum,
934 880 1160 936 propiusve
1180 878 1389 929 medullis,

315 951 453 1002 Quam
473 950 545 1007 qui
565 963 647 991 non
667 949 820 1005 poterit
840 964 937 990 vero
957 948 1213 1003 distinguere
1232 948 1396 990 falsum.

316 1021 452 1069 Quem
473 1035 538 1063 res
557 1020 652 1076 plus
672 1018 801 1061 nimio
821 1018 1077 1060 delectavere
1099 1017 1306 1068 secundae,
1596 1016 1654 1056 30

317 1089 502 1131 Mutatae
521 1087 735 1144 quatient:
768 1086 906 1142 siquid
926 1085 1141 1136 mirabere,
1162 1101 1290 1142 pones

312 1157 511 1208 Invitus:
541 1157 642 1212 fuge
661 1170 835 1211 magna:
868 1154 966 1196 licet
988 1154 1065 1196 sub
1085 1169 1268 1210 paupere
1287 1161 1398 1196 tecto

317 1226 460 1283 Reges
479 1236 521 1269 et
540 1240 684 1281 regum
700 1225 788 1266 vita
802 1237 1053 1279 praecurrere
1072 1223 1238 1264 amicos.

320 1296 481 1338 Cervus
500 1308 653 1350 equum
674 1306 815 1348 pugna
834 1291 980 1333 melior
1000 1290 1288 1332 communibus
1308 1289 1447 1331 herbis

319 1362 525 1413 Pellebat,
546 1362 678 1404 donec
697 1360 832 1401 minor
851 1359 895 1400 in
917 1358 1141 1401 certamine
1159 1358 1286 1414 longo
1601 1358 1659 1398 35

319 1430 567 1487 Imploravit
587 1444 686 1485 opes
705 1427 901 1478 hominis,
921 1427 1181 1483 fraenumque
1200 1426 1384 1482 recepit:

322 1501 407 1544 Sed
424 1508 643 1556 postquam
664 1497 823 1539 violens
842 1496 953 1538 victo
973 1494 1162 1538 discessit
1183 1495 1235 1536 ab
1255 1494 1390 1545 hoste,

321 1570 421 1613 Non
436 1568 616 1625 equitem
637 1567 776 1616 dorso,
797 1579 881 1606 non
899 1564 1077 1605 fraenum
1098 1562 1261 1618 depulit
1279 1576 1363 1603 ore.
1401 1559 1406 1566 ¹

325 1638 394 1681 Sic
413 1637 486 1694 qui
505 1635 743 1692 pauperiem
764 1632 936 1684 veritus,
954 1631 1114 1687 potiore
1133 1629 1312 1672 metallis

323 1705 541 1748 Libertate
560 1711 686 1754 caret,
707 1700 921 1744 dominum
943 1699 1069 1741 vehet
1088 1698 1316 1754 improbus,
1338 1705 1462 1753 atque
1606 1699 1662 1739 40

325 1772 488 1816 Serviet
506 1780 707 1814 aeternum
725 1787 737 1819 ;
769 1769 867 1826 quia
886 1782 1015 1824 parvo
1034 1767 1191 1809 nesciet
1210 1766 1287 1808 uti.

325 1841 409 1884 Cui
428 1855 513 1883 non
533 1839 751 1883 conveniet
769 1853 844 1880 sua
863 1852 943 1888 res,
964 1844 1012 1878 ut
1031 1835 1193 1878 calceus
1214 1834 1330 1886 olim,

327 1912 374 1954 Si
393 1911 500 1968 pede
519 1910 650 1966 major
670 1908 763 1959 erit,
784 1907 1021 1952 subvertet;
1055 1903 1090 1945 si
1111 1903 1260 1954 minor,
1282 1911 1386 1944 uret.

325 1981 476 2023 Laetus
494 1986 602 2021 sorte
621 1985 696 2018 tua
715 1975 830 2016 vives
851 1973 1072 2028 sapienter,
1093 1970 1248 2012 Aristi:

325 2049 419 2092 Nec
438 2061 506 2089 me
524 2044 709 2088 dimittes
727 2041 1036 2096 incastigatum,
1057 2038 1130 2081 ubi
1150 2038 1271 2094 plura
1610 2040 1665 2080 45

302 2118 309 2124 '
329 2118 490 2173 Cogere
507 2128 631 2170 quam
652 2111 751 2154 satis
771 2118 848 2160 est,
870 2124 918 2151 ac
937 2123 1022 2150 non
1042 2121 1199 2150 cessare
1218 2106 1403 2149 videbor.

329 2185 517 2240 Imperat
537 2189 610 2224 aut
630 2179 757 2222 servit
775 2176 949 2218 collecta
967 2174 1144 2230 pecunia
1163 2173 1328 2228 cuique,

331 2253 513 2294 Tortum
534 2248 663 2301 digna
682 2243 798 2300 sequi
817 2242 956 2298 potius
976 2256 1099 2297 quam
1121 2241 1271 2282 ducere
1289 2241 1445 2283 funem.

331 2319 443 2361 Haec
462 2316 541 2359 tibi
559 2315 766 2358 dictabam
786 2319 881 2367 post
899 2310 1042 2352 fanum
1062 2317 1184 2365 putre
1205 2310 1406 2360 Vacunae,

332 2387 531 2441 Excepto
551 2383 662 2440 quod
680 2395 764 2423 non
786 2378 914 2421 simul*
930 2392 1053 2429 esseS,
1075 2385 1226 2420 caetera
1245 2378 1380 2419 laetus.
1614 2378 1671 2418 50

772 2552 1101 2595 EPISTOLA
1132 2551 1222 2593 XI.

809 2649 872 2677 An
906 2647 1193 2676 BULLATIUM.

339 2721 461 2772 an
481 2718 559 2761 tibi
578 2717 668 2760 visa
688 2716 835 2780 Chios,
857 2713 1033 2767 Bullati,
1054 2722 1233 2770 notaque
1253 2713 1444 2756 Lesbos?

341 2787 458 2840 Quid
476 2785 678 2830 concinna
699 2786 875 2828 Samos?
897 2784 1000 2839 quid
1020 2783 1158 2826 Croesi
1176 2781 1292 2837 regia
1313 2779 1454 2823 Sardis
1469 2782 1488 2819 ?
