1962 3268
0 234 25 259 ⁷1,
37 244 47 255 a

0 260 22 290 ἱ.

0 287 38 320 55*

0 319 46 341 ΜΚ

0 351 39 397 ’ἑὲ

0 394 31 435 {A

633 283 888 312 salmonum
923 284 1012 311 ΜΒ.
1045 285 1095 312 11.
1127 272 1167 312 3.
1510 271 1566 311 45

238 382 568 439 Unguentarius,
594 399 642 426 ac
664 383 796 426 Tusci
817 384 938 425 turba
960 383 1084 438 impia
1107 383 1203 435 vici,

238 448 346 493 Cum
369 451 520 493 scurris
539 450 682 501 fartor,
703 464 796 492 cum
823 450 997 491 Velabro
1017 465 1139 492 omne
1160 451 1393 499 macellum,

237 519 370 560 Mane
384 519 551 560 domum
569 518 752 559 veniant.
768 516 888 568 'Quid
905 519 1022 558 tum?
1049 518 1206 559 Venere
1219 519 1470 573 frequentes,
1485 520 1570 559 230

237 585 376 628 Verba
392 585 494 627 facit
512 585 621 634 leno,
644 584 854 640 Quicquid
875 583 993 633 mihi,
1015 585 1213 640 quicquid
1233 595 1274 627 et
1296 585 1442 630 horum

237 652 401 709 Cuique
416 652 528 694 domi
545 661 622 703 est,
635 652 679 693 id
696 653 817 694 crede
831 660 946 693 tuum
963 668 973 693 :
997 661 1038 693 et
1053 653 1118 693 vel
1132 667 1244 694 nunc
1256 661 1366 707 pete,
1384 652 1451 693 vel
1468 667 1570 694 cras.

235 720 398 776 Accipe
415 719 518 775 quid
537 728 680 761 contra
693 719 863 775 juvenis
884 720 1143 775 responderit
1165 735 1336 776 aequus;

236 789 291 831 In
310 789 406 831 nive
427 789 602 831 Lucana
622 788 776 830 dormis
797 796 1000 839 ocreatus,
1024 796 1069 829 ut
1091 803 1235 844 aprum

235 858 410 900 Coenem
431 872 534 912 ego;
567 865 614 898 tu
634 856 767 911 pisces
788 856 963 898 hiberno
983 872 1034 898 ex
1055 872 1218 913 aequore
1239 856 1386 905 vellis;
1484 857 1569 897 235

237 924 386 982 Segnis
405 940 498 980 ego,
519 925 718 980 indignus
747 925 819 981 qui
841 933 1002 967 tantum
1025 925 1255 980 possideam
1274 940 1283 965 z
1315 924 1450 966 aufer!

237 994 364 1035 Sume
383 993 459 1035 tibi
479 993 640 1041 decies;
674 992 747 1035 tibi
771 993 1015 1035 tantundem
1033 1009 1044 1040 ς
1079 992 1154 1034 tibi
1175 992 1345 1048 tripleX‚

237 1061 366 1103 Unde
385 1075 489 1103 uxor
506 1061 642 1103 media
663 1060 790 1103 currit
811 1061 862 1102 de
884 1068 1004 1102 nocte
1024 1060 1163 1102 citata.

237 1129 373 1171 Filius
395 1127 546 1185 AEsopi
567 1130 791 1171 detractam
814 1143 865 1170 ex
885 1143 982 1170 aure
1007 1127 1209 1178 Metellae,

238 1196 407 1239 Scilicet
426 1205 474 1239 ut
493 1197 629 1238 decies
650 1195 825 1238 solidum
849 1190 1098 1246 exsorberet,
1122 1203 1239 1236 aceto
1485 1198 1571 1238 240

235 1264 376 1307 Diluit
396 1260 599 1321 insignem
621 1265 786 1307 baccam
805 1282 817 1313 ;
852 1264 925 1320 qui
946 1264 1098 1314 sanior,
1120 1278 1167 1305 ac
1189 1263 1223 1304 si

237 1332 353 1375 Illud
373 1332 483 1375 idem
504 1333 548 1374 in
567 1333 756 1387 rapidum
778 1331 1168 1388 flumen‚jaceretve
1188 1331 1367 1374 cloacam
1386 1334 1403 1373 Ρ

237 1398 390 1450 Quinti
410 1401 626 1457 progenies
643 1401 758 1451 Arri,
779 1415 854 1456 par
874 1399 1012 1442 nobile
1031 1399 1220 1450 fratrum,

237 1468 437 1524 Nequitia
456 1477 498 1511 et
517 1469 655 1524 nugis,
676 1483 897 1524 pravorum
918 1477 959 1510 et
980 1483 1117 1510 amore
1138 1468 1376 1523 gemellum,

237 1537 459 1580 Luscinias
474 1537 585 1579 soliti
600 1537 787 1592 impenso
806 1537 1009 1592 prandere
1029 1536 1210 1579 co‘e’mtas
1227 1552 1235 1577 :
1484 1539 1569 1580 245

238 1605 445 1656 Quorsum
467 1605 649 1647 abeant?
682 1604 811 1646 sanin'
832 1613 957 1655 creta,
979 1619 1032 1646 an
1053 1605 1229 1647 carbone
1249 1606 1457 1648 notandi?

237 1671 466 1715 AEdificare
485 1687 610 1724 casas,
631 1672 821 1729 plostello
835 1672 1061 1729 adjungere
1080 1687 1232 1725 mures,

237 1741 408 1784 Ludere
426 1756 502 1797 par
516 1741 665 1797 impar,
687 1742 870 1798 equitare
891 1741 934 1783 in
955 1742 1158 1784 arundine
1178 1742 1317 1798 longa,

239 1809 285 1852 Si
305 1823 426 1866 quem
447 1809 626 1852 delectet
644 1811 876 1861 barbatum,
898 1810 1079 1852 amentia
1100 1819 1247 1852 verset.

239 1877 285 1920 Si
303 1878 504 1934 puerilius
524 1878 604 1930 his,
620 1879 726 1921 ratio
746 1894 834 1921 esse
854 1878 1030 1930 evincet,
1053 1893 1214 1926 amare3
1483 1880 1570 1920 250

236 1946 329 1988 Nec
347 1945 572 2003 quidquam
592 1946 770 1996 differre,
793 1955 988 1988 utrumne
1007 1946 1049 1987 in
1072 1946 1257 2002 pulvere,
1281 1946 1429 1988 trimus

237 2013 371 2066 Quale
389 2014 520 2071 prim,
536 2015 658 2057 ludas
678 2030 798 2073 opus,
821 2029 872 2057 an
895 2014 1122 2057 meretricis
1142 2030 1281 2057 amore

238 2083 435 2126 Solicitus
453 2083 609 2140 plores:
641 2099 797 2140 quaero,
813 2083 995 2126 faciasne
1015 2084 1126 2139 quod
1147 2084 1245 2126 olim

237 2153 430 2195 Mutatus
451 2153 682 2195 Polemon?
713 2167 842 2208 ponas
862 2152 1043 2207 insignia
1062 2153 1212 2204 morbi,

238 2221 464 2271 Fasciolas,
486 2220 659 2271 cubital,
680 2220 844 2270 focalia,
866 2228 989 2274 potus
1010 2228 1057 2260 ut
1076 2219 1148 2261 ille
1486 2222 1571 2263 255

239 2288 410 2330 Dicitur
429 2302 480 2329 ex
500 2288 606 2330 collo
625 2287 768 2329 furtim
791 2287 989 2342 carpsisse
1011 2301 1196 2337 coronas,

239 2357 465 2413 Postquam
488 2365 549 2398 est
570 2355 768 2411 impransi
788 2364 999 2411 correptus
1020 2369 1120 2396 voce
1133 2354 1318 2410 magistri
1336 2357 1354 2395 ?

239 2425 427 2481 Pori-igis
446 2424 552 2467 irato
571 2439 700 2480 puero
721 2439 815 2466 cum
837 2439 974 2480 poma,
995 2432 1158 2466 recusat
1176 2438 1185 2464 ε

241 2494 382 2544 Sume,
406 2492 592 2538 Catelle;
626 2501 777 2548 negat:
810 2492 844 2534 si
865 2507 948 2534 non
969 2492 1056 2542 des,
1079 2499 1207 2547 optat.
1227 2492 1406 2533 Amator

239 2560 448 2604 Exclusus
468 2560 539 2616 qui
559 2560 700 2612 distat,
723 2560 810 2616 agit
831 2561 902 2602 ubi
923 2575 1077 2611 secum,
1099 2569 1181 2611 eat,
1203 2575 1256 2602 an
1276 2574 1376 2611 non,
1481 2559 1569 2603 260

239 2630 333 2680 Quo
353 2628 667 2671 redituruserat
686 2644 770 2671 non
790 2629 1024 2679 arcessitus,
1042 2638 1083 2671 et
1101 2628 1232 2671 haeret

242 2696 397 2739 Invisis
418 2696 605 2740 foribus?
666 2699 734 2740 Ne
752 2712 879 2749 nunc,
901 2712 994 2740 cum
1015 2711 1082 2739 me
1102 2707 1222 2739 vocat
1242 2696 1365 2748 ultro,

241 2763 450 2807 Accedam
468 2767 487 2806 ?
517 2779 570 2807 an
585 2764 723 2821 potius
743 2766 918 2809 mediter
937 2766 1056 2808 finire
1076 2766 1239 2808 dolores
1257 2767 1274 2806 ?
