1962 3268
391 340 447 395 70

814 358 854 386 Q.
887 355 1083 382 HORATII
1118 356 1283 385 FLACCI

508 457 601 507 Quo
621 464 757 511 posset
778 455 952 497 infossus
973 470 1075 511 puer

451 523 600 578 Longo
620 523 687 565 die
707 523 770 565 bis
791 531 931 579 terque
951 531 1120 564 mutatae
1141 523 1257 578 dapis

510 591 690 633 Inemori
712 592 957 647 spectacu10‚

453 660 560 700 Cum
582 659 828 714 promineret
849 674 932 709 ore,
953 668 1152 715 quantum
1175 666 1340 700 exstant
1362 673 1467 714 aqua

511 728 717 783 Suspensa
738 735 875 768 mento
895 742 1091 782 corpora;

452 797 615 837 Exusta
635 795 695 837 uti
717 795 910 844 medulla,
935 804 976 836 et
996 795 1155 836 aridum
1170 794 1288 849 jecur

510 864 678 905 Amoris
699 872 803 904 esset
824 863 1032 917 poculum,

454 932 725 972 Interminato
745 945 837 971 cum
860 930 984 971 semel
1004 929 1098 970 fixae
1119 929 1208 971 cibo

512 998 793 1039 Intabuissent
809 997 991 1052 pupulae.

452 1067 549 1107 Non
569 1065 746 1106 defuisse
764 1064 958 1105 masculae
979 1064 1161 1106 libidinis

510 1132 817 1174 Ariminensem
839 1132 1013 1182 Foliam,

452 1202 512 1242 Et
532 1200 661 1242 otiosa
682 1200 857 1241 credidit
879 1200 1091 1254 Neapolis,

510 1266 567 1308 Et
587 1282 706 1309 omne
727 1267 907 1308 vicinum
929 1267 1125 1322 oppidum
1143 1284 1151 1308 :

452 1336 556 1386 Quae
577 1334 710 1376 sidera
731 1343 945 1376 excantata
966 1349 1065 1376 voce
1087 1335 1304 1386 Thessala,

508 1404 754 1458 Lunamque
775 1402 874 1444 caelo
896 1403 1057 1458 deripit.

451 1471 538 1512 Hic
557 1471 793 1512 irresectum
816 1485 924 1511 saeva
944 1471 1066 1511 dente
1087 1470 1217 1512 livido

508 1538 685 1580 Canidia
705 1539 852 1579 rodens
872 1537 1077 1592 pollicem,

452 1606 564 1658 Quid
584 1606 724 1647 dixit?
747 1615 818 1647 aut
837 1605 937 1660 quid
957 1605 1085 1646 tacuit
1102 1608 1119 1646 ?
1153 1603 1195 1646 Ο
1215 1606 1335 1648 rebus
1357 1606 1456 1648 meis

512 1676 608 1717 Non
628 1674 815 1716 infideles
835 1673 1014 1725 arbim-ae,

451 1746 562 1796 Nox,
584 1752 624 1785 et
646 1743 783 1785 Diana
803 1737 897 1798 quae
917 1738 1124 1783 silentium
1146 1742 1267 1796 regis,

512 1813 679 1852 Arcana
699 1825 792 1852 cum
813 1810 919 1851 fiunt
941 1824 1078 1858 sacra;

453 1881 576 1920 Nunc
596 1893 706 1920 nunc
728 1879 888 1920 adeste:
923 1892 1032 1919 nunc
1051 1878 1095 1918 in
1116 1877 1287 1920 hostiles
1303 1879 1444 1920 domos

510 1949 621 1989 Iram
642 1955 764 2001 atque
784 1959 936 1986 numen
958 1943 1126 1986 vertite:

453 2014 747 2057 Formidolosae
768 2013 866 2054 dum
888 2012 1018 2053 latent
1038 2012 1151 2053 silvis
1171 2012 1282 2062 ferae,

508 2082 634 2124 Dulci
656 2096 797 2136 sopore
816 2080 1048 2134 languidae3

454 2153 601 2193 Senem
625 2148 754 2205 (quod
774 2163 913 2189 omnes
933 2147 1112 2201 rideant)
1135 2147 1365 2189 adulterum

509 2220 684 2260 Latrent
706 2217 933 2257 Suburanae
949 2230 1083 2265 canes,

451 2288 593 2329 Nardo
613 2294 870 2342 perunctum3
892 2284 1011 2340 quale
1031 2278 1112 2324 non
1133 2284 1351 2338 perfectius

507 2357 621 2396 Meae
641 2352 866 2401 laborarint
887 2366 1043 2393 manus.

451 2423 563 2474 Quid
584 2421 761 2463 accidit?
793 2435 865 2462 cur
885 2420 974 2461 dira
993 2419 1176 2460 barbarae
1197 2419 1330 2460 minus

504 2492 677 2534 Venena
699 2489 863 2530 Medeae
884 2487 1022 2528 valent
1039 2489 1056 2526 ?

454 2558 614 2610 Quibus
635 2556 849 2611 superbam
870 2553 979 2607 fugit
998 2552 1086 2594 ulta
1105 2553 1308 2607 pellicem,

508 2624 656 2679 Magni
679 2621 867 2664 Creontis
885 2620 1025 2670 filiam,

451 2696 559 2736 Cum
580 2692 705 2747 palla,
728 2691 822 2732 tabo
844 2702 992 2729 munus
1014 2688 1233 2739 imbutum,
1256 2703 1402 2730 novam

507 2759 706 2803 Incendio
726 2765 896 2812 nuptam
919 2756 1099 2798 abstulit.

449 2829 583 2885 Atqui
603 2842 677 2870 nec
697 2827 823 2868 herba
843 2839 917 2866 nec
941 2825 1072 2866 latens
1093 2824 1134 2865 in
1158 2824 1309 2879 asperis

1661 1002 1717 1042 40

1658 1678 1714 1717 50

1657 2018 1712 2058 55

1653 2689 1710 2732 65
