1962 3268
772 516 822 560 Q.
852 517 1091 558 HORATH
1120 519 1318 560 FLAccr
1352 491 1354 493 ’

463 626 920 694 CARMEN
1007 634 1617 700 SAECULARE.

841 859 1059 909 (METRUM
1093 867 1239 917 xv111.)

438 954 610 996 Pmmm
632 956 909 1013 silvarumque
928 968 1074 1014 potens
1094 961 1249 1015 Diana,

436 1021 645 1063 Lucidum
661 1023 756 1065 coeli
775 1025 914 1076 decus,
936 1027 974 1068 Ο
995 1027 1156 1071 colendi

438 1088 608 1144 Semper
628 1098 669 1132 et
690 1091 806 1143 culti,
824 1093 919 1134 date
938 1107 1030 1149 quae
1050 1110 1265 1150 precamur

550 1159 757 1213 Tempore
777 1159 909 1214 prisco
925 1177 937 1208 ;

436 1224 528 1273 Quo
550 1224 743 1280 Sibyllini
763 1240 956 1270 monuere
976 1243 1130 1282 versus,

433 1291 625 1346 Virgines
644 1293 785 1344 lectas,
806 1309 1034 1351 puerosque
1050 1306 1196 1350 castos,

431 1358 542 1410 Diis,
558 1359 706 1414 quibus
726 1368 878 1415 septem
900 1362 1089 1416 placuere
1108 1366 1245 1417 colles,

544 1426 696 1468 Dicere
714 1442 889 1469 carmen.

430 1493 558 1534 Alme
580 1494 664 1545 Sol,
684 1509 807 1536 curru
826 1495 958 1537 nitido
978 1497 1086 1540 diem
1107 1499 1178 1554 qui

429 1560 589 1602 Promis
609 1569 650 1603 et
671 1562 792 1613 celas,
813 1562 998 1620 aliusque
1018 1573 1059 1606 et
1078 1565 1186 1608 idem

427 1627 620 1669 Nasceris
639 1645 650 1677 ;
683 1629 815 1683 possis
835 1630 939 1672 nihil
960 1633 1061 1675 urbe
1083 1635 1219 1676 Roma

542 1696 685 1738 Visere
706 1700 851 1753 maJus.

426 1763 525 1806 Rite
545 1772 725 1806 maturos
745 1765 902 1821 aperire
919 1776 1062 1822 partus

427 1832 557 1874 Lenis
578 1832 767 1887 Ilithyia,
789 1842 902 1875 tuere
923 1844 1102 1885 matres;

427 1897 524 1939 Sive
543 1907 591 1940 tu
606 1899 770 1942 Lucina
789 1901 936 1955 probas
957 1904 1107 1954 vocari,

539 1967 622 2007 Seu
643 1967 862 2008 Genitalis.

426 2032 553 2084 Diva,
573 2033 774 2087 producas
795 2034 992 2087 subolem,
1013 2043 1258 2093 patrumque

423 2102 644 2155 Prosperes
664 2099 826 2141 decreta
846 2116 967 2156 super
978 2103 1176 2158 jugandis

423 2167 640 2216 Foeminis,
660 2167 866 2223 prolisque
880 2182 1000 2210 novae
1018 2170 1143 2212 feraci

538 2236 654 2289 Lege
674 2235 847 2277 marita:

423 2305 572 2346 Certus
591 2302 775 2344 undenos
795 2303 930 2345 decies
951 2319 1023 2359 per
1043 2320 1171 2348 annos

421 2371 545 2413 Orbis
564 2380 620 2412 ut·
633 2378 776 2412 cantus
796 2370 1022 2428 referatque
1042 2373 1175 2424 ludos,

347 2481 350 2485 ,
422 2441 510 2480 Ter
529 2438 596 2480 die
616 2438 739 2490 claro,
761 2439 960 2495 totiesque
979 2448 1097 2495 grata

533 2507 682 2556 Nocte,
696 2505 940 2561 frequentes.

418 2574 586 2628 Vosque
606 2587 767 2614 veraces
789 2574 981 2616 cecinisse
1003 2577 1160 2625 Parcae,

420 2641 542 2693 Quod
562 2640 687 2682 semel
708 2640 862 2682 dictum
884 2649 959 2691 est,
981 2642 1220 2697 stabilisque
1240 2658 1373 2686 rerum

415 2707 634 2750 Terminus
655 2716 815 2756 servat3
849 2709 955 2751 bona
977 2709 1064 2764 jam
1087 2710 1259 2764 peractis

529 2775 559 2815 J
563 2775 703 2830 ungite
723 2776 819 2818 fata.

1638 1571 1695 1612 10

1634 1908 1688 1951 15

1627 2246 1687 2287 20

1623 2584 1680 2624 25
