1962 3268
21 1851 23 1854 Α
0 1392 36 1829 ωψωαψὲενκι»

707 285 969 314 suasionum
994 284 1082 325 mn.
1107 284 1136 311 1.
1158 268 1199 323 7.
1564 265 1622 305 23

289 388 502 432 Fallacem
525 387 710 438 Circum,
732 385 1092 440 vespertinumque
1112 396 1276 438 pererro

289 458 410 513 Saepe
427 455 590 502 forum;
623 453 769 495 assisto
789 450 944 493 divinis
961 467 973 498 ς
1006 450 1105 491 inde
1125 451 1294 491 domum
1316 462 1382 489 me

286 523 357 566 Ad
374 521 486 580 porri
506 529 548 564 et
568 520 710 563 ciceris
730 518 861 560 refero
881 517 1103 573 laganique
1123 516 1305 558 catinum
1321 529 1332 554 t
1538 513 1622 554 115

290 591 424 632 Coena
443 588 700 631 ministratur
718 581 858 641 pueris
880 584 1036 631 tribus;
1070 592 1112 624 et
1131 582 1238 638 lapis
1259 582 1377 623 albus

289 656 448 699 Pocula
468 669 561 698 cum
581 646 733 710 cyatho
754 653 837 695 duo
859 651 1061 698 sustinet;
1096 658 1203 692 astat
1224 649 1375 691 echino

289 723 396 766 Vilis
416 738 509 766 cum
528 730 672 779 patera
691 730 851 778 gustus,
879 721 1095 775 Campana
1116 717 1318 774 supellex.

289 791 455 835 Deinde
474 806 522 834 eo
542 789 781 838 dormitum,
803 803 886 830 non
909 787 1109 838 solicitus,
1132 786 1235 844 mihi
1255 785 1477 842 quod-cras

290 858 553 915 Surgendum
576 858 630 900 sit
650 872 785 906 mane,
807 856 1021 898 obeundus
1044 857 1233 911 Marsya,
1255 853 1326 910 qui
1348 868 1391 895 se
1538 851 1623 892 120

290 926 463 968 Vultum
483 925 590 968 ferre
609 933 735 980 negat
756 924 986 966 Noviorum
1009 938 1128 979 posse
1150 922 1332 964 minoris.

289 995 365 1036 Ad
385 1002 573 1050 quartam
586 994 730 1050 jaceo:
763 1001 856 1049 post
876 992 985 1034 hanc
1006 1006 1148 1047 vagor,
1179 998 1251 1032 aut
1278 1004 1354 1045 ego
1373 989 1496 1038 lecto,

290 1063 384 1104 Aut
405 1061 558 1118 scripto
577 1062 688 1118 quod
709 1076 774 1103 me
795 1060 964 1103 tacitum
981 1060 1127 1116 juvet:
1158 1072 1292 1113 ungor
1312 1057 1436 1105 olivo,

291 1130 389 1171 Non
409 1144 492 1186 quo
510 1129 712 1171 fraudatis
733 1129 971 1170 immundus
992 1129 1133 1170 Nacca
1153 1125 1344 1169 lucernis.

293 1198 376 1239 Ast
395 1197 468 1239 ubi
489 1211 555 1239 me
574 1196 729 1239 fessum
750 1196 813 1237 sol
832 1195 964 1237 acrior
984 1195 1043 1237 ire
1064 1195 1247 1236 lavatum
1538 1189 1624 1231 125

290 1259 542 1316 Admonuit,
563 1264 680 1319 fugio
703 1265 909 1319 Campum
929 1264 1148 1319 lusumque
1169 1261 1384 1316 trigonem.

291 1333 475 1375 Pransus
494 1348 578 1374 non
599 1332 736 1382 avide,
757 1341 956 1388 quantum
978 1330 1215 1386 interpellet
1236 1328 1350 1370 inani
1367 1337 1371 1341 '

294 1400 446 1442 Ventre
465 1400 575 1443 diem
597 1401 761 1450 durare,
783 1399 1034 1441 domesticus
1055 1399 1175 1440 otior.
1237 1398 1348 1439 Haec
1368 1404 1431 1438 est

292 1468 392 1511 Vita
411 1469 637 1510 solutorum
659 1468 809 1510 misera
830 1468 1053 1510 ambitione
1073 1466 1291 1523 gravique:

293 1537 379 1580 His
399 1552 465 1580 me
485 1537 672 1579 consolor
686 1536 891 1578 victurum
915 1535 1098 1584 suavius,
1117 1550 1163 1576 ac
1183 1534 1219 1576 si
1541 1529 1627 1571 130

293 1607 488 1658 Quaestor
507 1620 624 1657 avus,
645 1613 762 1660 pater
783 1613 906 1660 atque
928 1618 1058 1654 mem,
1078 1611 1331 1658 patruusque
1350 1600 1510 1642 fuisset.

765 1875 1009 1917 SATIRA
1044 1875 1151 1916 VII.

296 2013 575 2054 Pssoscmwn
593 2009 726 2066 Regis
747 2010 898 2067 Rupili
918 2025 997 2066 pus
1018 2019 1143 2067 atque
1163 2025 1367 2052 venenum

297 2080 441 2123 Ibrida
459 2095 541 2136 quo
561 2088 683 2135 pacto
703 2079 756 2120 sit
778 2079 947 2121 Persius
967 2079 1095 2130 ultus,
1118 2080 1263 2135 opinor

295 2148 501 2190 Omnibus
522 2157 564 2190 et
583 2147 710 2202 lippis
728 2156 873 2188 notum
896 2156 938 2189 et
959 2148 1192 2189 tonsoribus
1213 2163 1315 2189 esse.

297 2217 466 2259 Persius
485 2216 556 2257 hic
575 2230 800 2271 permagna
820 2215 988 2270 negotia
1007 2215 1124 2257 dives
1144 2215 1324 2257 habebat

298 2282 574 2334 Clazomenis,
592 2283 712 2325 etiam
734 2282 828 2324 lites
845 2297 938 2324 cum
964 2283 1083 2338 Rege
1105 2283 1318 2330 molestas3
1600 2283 1629 2324 5

299 2354 444 2396 Durus
464 2351 602 2403 homo,
624 2360 747 2407 atque
766 2351 862 2392 odio
882 2350 953 2406 qui
974 2359 1113 2407 posset
1130 2351 1295 2393 vincere
1320 2351 1481 2407 Regem
1498 2367 1509 2399 ;

299 2420 539 2470 Confidens‚
561 2419 770 2467 tumidus;
805 2420 908 2462 adeo
929 2419 1128 2462 sermonis
1149 2420 1294 2471 amari,

299 2489 509 2540 Sisennas,
534 2486 685 2531 Barros
705 2498 753 2530 ut
773 2488 888 2545 equis
910 2496 1179 2544 praecurreret
1200 2487 1317 2530 albis.

296 2558 366 2600 Ad
386 2559 547 2614 Regem
566 2557 713 2599 redeo:
746 2565 962 2613 postquam
985 2557 1093 2599 nihil
1112 2557 1220 2599 inter
1235 2565 1456 2613 utrumque

298 2625 507 2668 Convenit
529 2624 627 2675 (hoc
647 2625 799 2668 etenim
821 2634 918 2668 sunt
939 2640 1080 2667 omnes
1097 2626 1194 2682 jure
1215 2625 1378 2667 molesti
1574 2627 1630 2668 10

300 2696 394 2746 Quo
412 2693 552 2744 fortes,
570 2694 720 2750 quibus
740 2695 957 2737 adversum
973 2694 1132 2736 bellum
1154 2693 1315 2736 incidit.
1379 2695 1497 2736 Inter

302 2761 489 2804 Hectora
510 2761 764 2814 Priamiden,
787 2762 1016 2805 animosum
1040 2771 1164 2818 atque
1184 2763 1292 2805 inter
1315 2761 1523 2804 Achillem
