1962 3268
633 323 958 354 EPISTOLARUM
991 322 1079 351 mn.
1106 321 1136 350 1.
1158 305 1228 362 17.
1520 305 1602 351 191

275 429 453 472 Noctem
474 427 671 485 peccatis,
699 433 742 468 et
760 424 977 467 fraudibus
997 423 1130 479 objice
1149 422 1316 464 nubem.

277 495 362 548 Qui
376 495 522 538 melior
541 507 674 544 servo,
694 492 769 548 qua
788 492 957 534 liberior
977 491 1032 532 sit
1051 505 1214 542 avarus,

277 563 332 606 In
348 563 481 606 triviis
500 563 630 605 fixum
643 575 736 603 cum
759 574 802 601 se
821 559 1005 601 demittit
1025 560 1078 601 ob
1098 573 1245 608 assem,
1325 607 1328 609 ¹

228 659 230 661 -
276 632 376 674 Non
396 631 546 673 video:
577 644 674 672 nam
695 628 766 684 qui
795 627 951 683 cupiet,
972 635 1130 669 metuet
1150 639 1338 682 quoque;
1370 639 1492 680 porro
1551 623 1608 666 65

278 698 364 749 Qui
383 706 573 741 metuens
592 697 722 748 vivet,
742 696 847 738 liber
867 695 972 737 mihi
992 710 1076 736 non
1098 694 1177 736 erit
1197 705 1394 749 unquam.

277 765 470 810 Perdidit
489 780 618 817 arma,
648 764 787 807 locum
808 763 976 806 virtutis
996 762 1196 813 deseruit,
1217 761 1290 818 qui

279 835 452 891 Semper
470 833 515 876 in
536 833 728 889 augenda
746 832 916 875 festinat
934 840 977 874 et
997 830 1186 874 obruitur
1214 844 1273 872 re.

278 902 470 945 Vendere
490 916 585 944 cum
605 900 737 957 possis
758 900 986 957 captivum,
1007 899 1194 941 occidere
1212 897 1326 940 noli:

282 971 446 1013 serviet
465 969 649 1012 utiliter:
683 968 773 1010 sine
792 976 937 1024 pascat
957 968 1104 1018 durus,
1126 975 1320 1022 aretquez,
1555 962 1614 1018 70

280 1039 469 1096 Naviget
487 1054 535 1082 ac
554 1038 703 1081 mediis
722 1037 878 1080 hiemet
898 1044 1099 1079 mercator
1118 1035 1163 1077 in
1183 1034 1334 1083 undis;

279 1109 472 1151 Annonae
490 1107 646 1164 prosit;
679 1115 816 1162 portet
842 1106 1051 1147 frumenta
1070 1117 1297 1160 penusque.

282 1176 359 1219 Vir
378 1177 510 1219 bonus
530 1185 573 1218 et
593 1175 756 1231 sapiens
772 1173 943 1217 audebit
962 1173 1099 1215 dicere
1116 1188 1129 1220 ;
1163 1169 1374 1221 Pentheu,

283 1246 442 1288 Rector
463 1243 722 1292 Thebarum,
744 1242 847 1299 quid
859 1256 924 1283 me
945 1240 1125 1297 perferre
1145 1238 1316 1294 patique
1558 1235 1616 1291 74·

285 1312 515 1368 Indignum
528 1313 677 1367 coges?
699 1310 745 1368 ἿῙ
758 1309 958 1351 Adimam
971 1309 1093 1351 bona.
1114 1307 1162 1364 ἾῙ
1174 1307 1338 1361 Nempe
1349 1320 1491 1362 pecus,
1512 1320 1615 1357 rem,

285 1377 456 1430 Lectos,
474 1385 690 1433 argentum
708 1391 718 1416 τ
752 1374 874 1417 tollas
892 1373 1002 1416 licet.
1036 1373 1083 1431 q]
1101 1373 1155 1414 In
1175 1370 1349 1414 manicis
1364 1380 1407 1413 et

286 1444 571 1501 Compedibus
591 1457 704 1486 saevo
724 1452 766 1485 te
787 1443 864 1484 sub
884 1442 1055 1484 custode
1076 1441 1236 1483 tenebo.

285 1514 334 1573 qT
353 1515 452 1571 Ipse
472 1515 607 1565 Deus,
629 1511 754 1554 simul
774 1519 898 1567 atque
918 1510 1070 1560 volam,
1091 1523 1157 1550 me
1173 1506 1554 1562 solvet.-—Opinor,

287 1584 387 1626 Hoc
408 1581 559 1625 sentit:
594 1580 785 1629 Moriar;
815 1594 926 1621 mors
947 1578 1094 1620 ultima
1113 1577 1224 1620 linea
1243 1590 1380 1619 rerum
1402 1583 1475 1617 est.

693 1836 1019 1879 EPISTOLA
1051 1834 1212 1878 XVII.

811 1969 875 1996 AD
899 1968 1099 1997 scAEVAM.

291 2080 525 2131 Quamne,
549 2079 710 2128 Scaeva,
733 2077 833 2120 satis
853 2091 927 2134 per
948 2086 991 2120 te
1011 2077 1088 2120 tibi
1119 2076 1315 2128 consulis,
1337 2086 1378 2119 et
1399 2077 1478 2119 scis

292 2149 386 2199 Quo
405 2146 572 2189 tandem
590 2155 711 2201 pacto
726 2146 871 2188 deceat
894 2145 1120 2200 majoribus
1140 2145 1204 2186 uti
1220 2161 1232 2193 ς

292 2214 438 2265 Disce,
455 2214 670 2256 doeendus
690 2213 828 2255 adhuc
848 2227 942 2269 quae
963 2221 1102 2255 censet
1122 2212 1323 2254 amiculus
1341 2229 1352 2262 3
1385 2224 1434 2254 ut
1455 2213 1490 2255 si

294 2282 446 2323 caecus
465 2281 545 2323 iter
566 2289 794 2324 monstrare
815 2281 942 2323 velit:
977 2289 1115 2323 tamen
1135 2280 1288 2336 aspice,
1310 2281 1345 2322 si
1364 2281 1466 2338 quid

294 2347 356 2389 Et
375 2361 465 2398 nos,
487 2347 599 2403 quod
619 2361 737 2388 cures
756 2346 971 2402 proprium
991 2345 1152 2398 fecisse,
1172 2346 1402 2402 loquamur.
1599 2350 1627 2390 5

297 2414 343 2458 Si
363 2423 405 2457 te
424 2423 545 2471 grata
562 2415 680 2471 quies
701 2422 742 2457 et
761 2414 938 2470 primam
961 2429 1130 2457 somnus
1149 2414 1194 2456 in
1213 2414 1358 2457 horam

295 2484 515 2533 Delectat3
549 2484 586 2527 si.
605 2493 646 2526 te
667 2483 805 2540 pulvis
826 2483 1105 2540 strepitusque
1123 2492 1322 2534 rotarum,

296 2552 344 2595 Si
362 2552 482 2595 laedit
497 2567 699 2609 caupona,
718 2553 990 2595 Ferentinum
1004 2552 1066 2596 ire
1075 2552 1234 2608 jubebo
1251 2568 1260 2593 ε

297 2621 408 2663 Nam
427 2635 563 2678 neque
582 2621 784 2664 divitibus
804 2621 1052 2677 contingunt
1072 2620 1226 2676 gaudia
1245 2620 1342 2662 solis
1358 2637 1370 2670 3

297 2689 390 2731 Nee
409 2689 515 2732 vixit
534 2690 656 2742 male,
677 2690 749 2746 qui
767 2699 891 2732 natus
907 2690 1169 2746 moriensque
1187 2689 1349 2732 fefellit.
1574 2693 1631 2733 10

300 2755 347 2797 Si
366 2756 559 2811 prodesse
579 2757 677 2809 tuis,
696 2758 903 2814 pauloque
922 2757 1144 2814 benignius
1163 2757 1299 2813 ipsum

302 2825 370 2867 Te
392 2832 566 2867 tractare
586 2825 714 2875 voles,
736 2826 905 2868 accedes
925 2827 1057 2869 siccus
1078 2825 1131 2868 ad
1147 2834 1332 2867 unctum.
