1962 3268
439 327 523 371 192
867 342 907 372 Q.
941 341 1137 370 nonA'rn
1171 342 1336 371 FnAch

436 440 481 496 ql
503 438 547 481 Si
567 440 784 494 pranderet
805 439 894 480 olus
915 441 1132 495 patienter,
1153 441 1325 495 regibus⁴
1347 440 1409 482 uti

434 509 475 550 N
480 508 578 549 ollet
593 507 842 563 Aristippus.
902 509 949 566 ql*
970 509 1014 550 Si
1036 509 1155 550 sciret
1171 509 1336 563 regibus
1356 509 1433 560 uti,

433 575 658 618 Fastidiret
679 576 783 626 olus,
810 576 880 631 qui
901 591 966 618 me
985 585 1112 618 notat.
1175 577 1211 624 ἽῙ
1230 578 1379 619 Utrius
1399 577 1545 618 horum
1694 579 1750 620 15

430 644 565 685 Verba
580 644 726 698 probes
746 652 787 684 et
806 643 929 695 facta,
947 645 1047 685 doce
1064 660 1075 691 3
1110 644 1178 685 vel
1201 644 1343 698 junior
1364 645 1476 695 audi,

430 713 519 753 Cur
535 711 587 752 sit
607 710 809 765 Aristippi
829 711 964 766 potior
984 712 1212 753 sententia:
1246 726 1423 767 namque

429 779 669 821 Mordacem
690 778 892 834 Cynicum
912 779 970 820 sic
991 779 1196 830 eludebat,
1219 789 1265 820 ut
1286 779 1403 834 ajunt
1420 795 1429 820 :

429 848 466 894 ῚῙ
487 846 659 888 Scurror
679 861 754 901 ego
775 846 863 900 ipse
884 846 1000 896 mihi,
1025 847 1178 901 populo
1202 855 1248 887 tu
1265 863 1274 887 :
1307 847 1458 888 rectius
1479 847 1557 888 hoc
1577 854 1619 888 et

430 914 695 969 Splendidius
711 914 843 954 multo
859 921 932 954 est.
974 914 1122 968 Equus
1137 922 1184 955 ut
1201 928 1264 954 me
1280 922 1429 968 portet,
1447 914 1530 955 alat
1544 928 1631 964 reX,
1689 915 1744 956 20

427 972 619 1023 Officium
640 980 746 1022 facio
765 996 773 1021 :
809 988 853 1021 tu
874 980 1007 1035 poscis
1028 980 1126 1022 vilia
1152 995 1287 1022 rerum

425 1049 566 1089 Dante
586 1048 732 1097 minor,
754 1047 942 1102 quamvis
962 1047 1044 1088 fers
1064 1055 1104 1088 te
1119 1047 1274 1088 nullius
1295 1055 1558 1102 egentem.—

423 1115 570 1156 Omnis
591 1115 855 1170 Aristippum
877 1114 1015 1156 decuit
1039 1114 1163 1165 color,
1186 1122 1227 1156 et
1247 1108 1396 1164 statusJ
1413 1123 1455 1156 et
1472 1130 1537 1157 res

424 1185 675 1225 Tentantem
698 1184 867 1239 majora,
883 1183 968 1224 fere
988 1182 1261 1237 praesentibus
1281 1197 1460 1237 aequum.

423 1253 593 1301 Contra,
615 1238 735 1307 quein
757 1250 914 1306 duplici
935 1265 1074 1305 panno
1094 1250 1293 1306 patientia
1313 1250 1437 1300 velat,
1681 1252 1737 1293 25

425 1320 627 1370 Mirabor,
649 1319 747 1360 vitae
767 1318 835 1359 via
850 1318 884 1359 si
900 1332 1094 1359 conversa
1114 1317 1288 1359 decebit.

421 1388 545 1429 Alter
564 1401 817 1443 purpureum
840 1400 922 1427 non
943 1385 1196 1440 exspectabit
1217 1385 1427 1435 amictum,

424 1456 637 1506 Quidlibet
652 1455 824 1496 indutus
845 1453 1105 1495 celeberrima
1125 1467 1198 1506 per
1218 1453 1308 1494 loca
1324 1453 1461 1503 vadet,

420 1525 728 1578 Personamque
747 1522 850 1563 feret
870 1535 953 1562 non
973 1519 1242 1561 inconcinnus
1262 1527 1480 1574 utramque
1497 1535 1506 1561 ε

418 1591 543 1632 Alter
563 1590 705 1632 Mileti
726 1597 884 1631 textam
903 1603 1001 1630 cane
1022 1587 1139 1643 pejus
1169 1595 1210 1628 et
1230 1601 1366 1642 angue
1679 1589 1738 1630 30

391 1692 393 1694 -
417 1659 578 1701 Vitabit
595 1658 879 1713 chlamydem;
915 1656 1110 1698 morietur
1129 1654 1293 1710 frigore,
1317 1654 1351 1695 si
1370 1669 1451 1695 non

418 1725 628 1768 Retuleris
648 1739 828 1781 pannum
845 1741 853 1765 :
886 1724 1006 1775 refer,
1023 1732 1064 1765 et
1080 1722 1167 1764 sine
1188 1723 1302 1765 vivat
1322 1722 1502 1777 ineptus,

416 1795 502 1835 Res
528 1808 668 1849 gerere
687 1801 728 1834 et
749 1801 889 1847 captos
910 1792 1124 1833 ostendere
1145 1790 1303 1832 civibus
1323 1790 1476 1841 hostes,

416 1861 606 1916 Attingit
627 1861 774 1902 solium
790 1862 820 1901 J
824 1860 926 1911 ovis,
945 1867 986 1901 et
1006 1859 1189 1901 coelestia
1210 1866 1342 1900 tentat
1359 1875 1369 1900 :

414 1929 675 1983 Principibus
697 1928 901 1982 placuisse
922 1927 1034 1977 viris,
1052 1942 1133 1968 non
1155 1927 1300 1968 ultima
1319 1926 1408 1967 laus
1429 1933 1503 1971 est.
1676 1928 1733 1968 35

415 1999 513 2040 Non
529 1997 660 2038 cuivis
679 1996 836 2036 homini
857 1995 1060 2048 contingit
1077 1994 1188 2034 adire
1212 1993 1474 2034 Corinthum.

416 2066 533 2108 Sedit
553 2065 624 2120 qui
644 2063 782 2105 timuit
803 2077 854 2103 ne
874 2076 956 2103 non
978 2061 1238 2102 succederet:
1273 2068 1359 2101 esto
1377 2075 1387 2100 ε

415 2133 542 2185 Quid,
563 2132 634 2187 qui
650 2129 851 2186 pervenit,
871 2129 1022 2170 fecitne
1042 2127 1214 2168 viriliter
1230 2129 1247 2168 ?
1280 2126 1415 2182 Atqui

412 2201 501 2243 Hic
522 2210 597 2250 est,
619 2207 691 2241 aut
711 2211 928 2253 nusquam,
953 2195 1064 2251 quod
1083 2194 1304 2250 quaerimus
1321 2211 1330 2235 ε
1363 2194 1432 2235 hic
1451 2208 1554 2236 onus
1574 2194 1726 2244 horret,

412 2270 477 2311 Ut
496 2267 632 2324 parvis
652 2265 798 2308 animis
820 2273 860 2306 et
880 2277 1007 2319 parvo
1024 2277 1190 2318 corpore
1210 2262 1368 2317 majus3
1673 2264 1730 2305 40

412 2336 499 2378 Hic
520 2335 645 2385 subit,
667 2342 708 2375 et
734 2332 901 2388 perfert.
962 2333 1055 2371 Aut
1075 2330 1206 2371 virtus
1227 2344 1376 2371 nomen
1396 2329 1517 2371 inane
1537 2337 1613 2379 est,

411 2406 499 2445 Aut
519 2390 649 2444 decus,
664 2410 704 2443 et
724 2400 902 2456 pretium
922 2407 1031 2441 recte
1052 2397 1156 2453 petit
1177 2396 1387 2451 experiens
1409 2396 1484 2438 vir.

377 2475 379 2480 '
414 2473 563 2513 Coram
583 2483 678 2523 rege
694 2483 766 2509 sua
786 2468 837 2508 de
857 2474 1099 2522 paupertate
1119 2472 1299 2506 tacentes

411 2539 513 2580 Plus
534 2544 726 2592 poscente
745 2535 899 2576 ferent:
933 2534 1074 2584 distat,
1097 2526 1286 2574 sumasne
1307 2531 1522 2586 pudenter,

355 2654 358 2657 Α
411 2608 485 2648 An
505 2604 639 2658 rapias
657 2620 665 2645 :
699 2602 813 2657 atqui
832 2616 967 2643 rerum
989 2609 1113 2655 caput
1133 2600 1212 2640 hoc
1232 2607 1333 2649 erat,
1354 2597 1422 2639 hic
1441 2597 1545 2639 fons.
1671 2601 1727 2641 45

411 2675 440 2696 “
457 2673 649 2714 Indotata
670 2669 771 2711 mihi
794 2684 904 2710 soror
925 2676 1001 2718 est,
1022 2666 1272 2722 paupercula
1295 2673 1438 2715 mater,

410 2744 438 2767 “
453 2743 513 2783 Et
532 2739 686 2781 fundus
707 2752 782 2779 nec
802 2735 1038 2791 vendibilis,
1059 2749 1135 2776 nec
1155 2748 1319 2789 pascere
1338 2733 1521 2783 firmus,”

410 2808 491 2860 Qui
508 2807 623 2858 dicit,
645 2806 807 2856 clamat,
836 2805 862 2825 “
883 2802 1047 2844 Victum
1070 2802 1216 2844 date'':
1240 2800 1414 2843 succinit
1434 2800 1550 2851 alter,
