1962 3268
576 295 828 324 CAnMumM
864 298 951 325 mu.
975 298 1005 326 1.
1030 286 1098 327 14.
1123 286 1190 328 15.

274 381 480 424 anxcss
502 392 564 426 ter
583 393 624 426 et
646 384 824 439 amplius

330 451 446 502 Quos
465 450 624 507 irrupta
643 459 758 493 tenet
776 451 940 506 copula,
961 466 1038 494 nec
1058 453 1176 495 malis

273 517 477 561 Divulsus
496 519 764 575 querimoniis

331 587 532 641 Suprema
552 586 675 628 citius
696 585 828 629 solvet
848 600 963 627 amor
982 586 1065 628 die.

590 807 717 850 ODE
750 810 895 854 XIV.„
943 811 1009 862 (Μ.
1032 815 1167 863 xvn.)

660 913 722 939 AD
747 913 1085 942 REMPUBLICAM
1095 931 1103 941 .

271 986 311 1028 Ο
333 985 500 1036 ΝΑνιε,
521 985 700 1029 referent
721 988 763 1028 in
785 1002 897 1030 mare
918 997 959 1030 te
980 989 1078 1031 novi

273 1053 480 1096 Fluctus?
512 1055 550 1096 O
572 1055 674 1110 quid
689 1055 806 1110 agis?
836 1055 998 1098 fortiter
1017 1070 1172 1112 occupa

331 1123 529 1163 Portum:
563 1137 700 1165 nonne
721 1123 853 1175 vides,
872 1133 920 1165 ut

389 1189 562 1231 Nudum
586 1190 760 1245 remigio
780 1190 906 1240 latus,

271 1257 332 1298 Et
351 1257 485 1298 malus
504 1257 627 1299 celeri
649 1257 813 1299 saucius
834 1258 990 1308 Africo,

269 1324 559 1380 Antennaeque
578 1334 763 1380 gemant,
783 1339 832 1367 ac
853 1325 942 1368 sine
960 1326 1130 1368 funibus

328 1392 412 1434 Vix
431 1392 580 1436 durare
599 1393 751 1435 carinae

386 1459 556 1502 Possint
574 1460 835 1516 imperiosius

268 1526 462 1582 AEquor?
493 1541 577 1568 non
598 1527 674 1569 tibi
694 1537 792 1571 sunt
811 1529 974 1584 integra
993 1530 1136 1581 lintea,

270 1594 370 1645 Non
390 1594 481 1646 Dii,
503 1609 606 1650 quos
625 1595 775 1637 iterum
797 1610 937 1650 pressa
952 1612 1073 1641 voces
1093 1600 1213 1642 malo.

328 1661 530 1712 Quamvis
552 1663 729 1705 Pontica
747 1663 884 1718 pinus,

386 1728 513 1770 silvae
532 1729 620 1772 filia
638 1730 803 1782 nobilis,

268 1797 300 1837 J
302 1804 414 1838 actes
433 1805 476 1839 et
494 1811 625 1852 genus
645 1805 686 1840 et
706 1813 857 1841 nomen
877 1800 1052 1849 inutile;

269 1864 343 1906 Nil
365 1864 488 1920 pictis
509 1865 680 1908 timidus
699 1867 843 1909 navita
860 1869 1070 1924 puppibus

326 1931 472 1974 Fidit:
505 1941 567 1983 tu,
588 1933 669 1975 nisi
690 1933 825 1976 ventis

382 2000 524 2042 Debes
542 2000 786 2051 ludibrium,
807 2015 920 2044 cave.

273 2067 422 2123 Nuper
441 2067 648 2110 solicitum
670 2083 763 2124 quae
784 2069 889 2111 mihi
910 2070 1097 2122 taedium,

270 2134 397 2176 Nunc
415 2134 667 2177 desiderium
688 2151 867 2192 curaque
887 2152 970 2179 non
991 2138 1109 2188 levis,

326 2202 540 2244 Interfusa
559 2203 740 2246 nitentes

386 2268 504 2310 Vites
523 2283 689 2324 aequora
711 2270 929 2324 Cycladas.

604 2473 732 2515 ODE
766 2474 869 2515 XV.
933 2472 1004 2524 (M.
1035 2479 1147 2531 xvi.)

382 2572 532 2601 NEREI
566 2575 859 2604 vA'rchNIUM
892 2577 952 2605 DE
985 2578 1175 2608 Exclnlo
1207 2581 1368 2609 TROJAE.

271 2647 454 2688 Pisa-012
475 2663 571 2690 cum
594 2649 775 2693 traheret
793 2666 867 2707 per
886 2652 993 2696 freta
1012 2655 1187 2698 navibus

271 2711 399 2753 Idaeis
421 2712 628 2756 Helenam
648 2715 831 2770 perfidus
850 2717 1072 2774 hospitam,

1491 590 1550 631 20

1492 1605 1548 1645 10

1492 1944 1547 1986 15
