1962 3268
424 333 450 371 δ
855 340 895 372 Q.
927 341 1121 372 nonA'ru
1154 341 1318 370 FLAccl

420 443 549 484 Hunc
568 441 875 497 perminxerunt
895 440 1078 482 calones:
1102 439 1200 495 quin
1222 439 1343 482 etiam
1365 440 1470 482 illud

420 509 604 560 Accidit,
625 517 673 550 ut
692 509 857 564 quidam
880 517 1002 551 testes
1022 508 1275 564 caudamque
1295 508 1466 550 salacem
1679 510 1738 551 45

419 578 656 619 Demeteret
676 577 839 618 ferrum.
900 578 931 618 J
934 591 1006 619 ure
1026 590 1188 617 omnes:
1212 576 1348 618 Galba
1366 577 1558 632 negabat²

420 645 573 687 Tutior
591 653 634 687 at
653 653 806 701 quanto
826 658 941 687 merx
963 652 1024 685 est
1044 643 1086 684 in
1107 643 1234 685 classe
1254 645 1458 686 secunda!

420 713 726 755 Libertinarum
748 713 855 763 dico,
879 711 1097 754 Sallustius
1117 711 1161 752 in
1181 726 1281 767 quas

419 780 516 821 Non
538 780 672 821 minus
692 780 859 829 insanit,
880 794 1002 835 quam
1023 779 1093 835 qui
1113 779 1365 822 moechatur:
1387 789 1429 822 at
1449 780 1518 822 hic
1538 781 1587 831 si,

420 849 513 898 Qua
534 862 611 896 res,
633 862 713 903 qua
732 847 836 888 ratio
856 848 1058 897 suaderet,
1080 861 1239 902 quaque
1259 848 1442 890 modeste
1678 851 1740 891 50

416 915 626 960 ‚Munifieo
645 929 732 955 esse
751 914 862 964 licet,
883 914 1007 955 vellet
1026 914 1156 955 bonus
1177 922 1298 969 atque
1318 915 1522 970 benignus

420 984 552 1031 Esse;
575 983 690 1023 daret
710 988 907 1036 quantum
931 981 1028 1022 satis
1048 989 1167 1030 esset,
1188 996 1264 1023 nec
1286 982 1363 1023 sibi
1383 983 1537 1025 damno

420 1050 704 1104 Dedecorique
723 1048 850 1090 foret:
875 1063 1014 1090 verum
1034 1048 1113 1090 hoc
1134 1064 1176 1091 se
1196 1049 1456 1103 amplectitur
1475 1065 1582 1092 uno:

420 1118 516 1158 Hoc
536 1124 660 1169 amat,
681 1116 760 1158 hoc
778 1116 946 1163 laudat3
971 1117 1207 1158 Matronam
1229 1116 1383 1158 nullam
1406 1132 1482 1173 ego
1503 1126 1628 1174 tango
1641 1135 1654 1160 ε

420 1185 484 1226 Ut
503 1185 708 1240 quondam
730 1185 948 1234 Marsaeus,
970 1192 1126 1225 amator
1146 1183 1344 1238 Originis,
1366 1185 1436 1227 ille
1677 1188 1736 1228 55

421 1252 504 1303 Qui
523 1252 700 1307 patrium
721 1251 860 1292 mimae
881 1252 1006 1293 donat
1025 1251 1280 1306 fundumque
1300 1252 1520 1308 laremque,

420 1319 495 1360 Nil
514 1319 638 1360 fuerit
658 1318 731 1368 mi,
751 1318 899 1373 inquit,
921 1333 1012 1359 cum
1035 1319 1228 1359 uxoribus
1248 1334 1427 1375 unquam
1448 1321 1592 1363 alienis
1609 1337 1618 1362 ε

419 1387 572 1427 Verum
594 1394 655 1427 est
676 1400 767 1427 cum
789 1386 939 1436 mimis,
962 1394 1022 1427 est
1043 1400 1132 1426 cum
1155 1387 1458 1437 meretricibus3
1478 1390 1589 1431 unde

420 1454 550 1494 Fama
569 1453 721 1494 malum
743 1453 922 1508 graviUS,
945 1466 1065 1507 quam
1086 1468 1154 1494 res
1172 1455 1321 1496 trahit:
1345 1471 1396 1497 an
1418 1457 1493 1499 tibi
1513 1458 1677 1500 abunde

417 1521 637 1561 Personam
660 1520 757 1561 satis
778 1528 853 1568 est,
875 1533 955 1560 non
977 1519 1081 1560 illud
1101 1520 1296 1576 quicquid
1315 1522 1467 1578 ubique
1677 1523 1738 1567 60

418 1586 573 1637 Officit,
596 1587 776 1629 evitare?
798 1588 945 1629 bonam
967 1587 1187 1641 deperdere
1206 1587 1371 1640 famam,

417 1656 527 1696 Rem
547 1655 675 1710 patris
695 1647 904 1704 oblimare,
926 1654 1078 1696 malum
1100 1663 1161 1696 est
1180 1655 1427 1712 ubicunque.
1479 1659 1590 1710 Quid
1610 1658 1735 1701 inter-

417 1724 498 1764 Est
516 1723 560 1764 in
580 1731 779 1774 matrona,
800 1722 962 1772 ancilla,
982 1737 1175 1777 peccesve
1195 1726 1362 1777 togata?

419 1791 570 1831 Villius
590 1791 634 1831 in
655 1791 812 1832 Fausta
831 1790 958 1832 Sullae
978 1805 1116 1843 gener,
1139 1789 1215 1831 hoc
1235 1790 1357 1832 miser
1376 1806 1459 1832 uno

417 1858 596 1899 Nomine
616 1858 826 1912 deceptus,
847 1872 990 1911 poenas
1011 1857 1125 1898 dedit
1145 1871 1274 1912 usque
1294 1873 1496 1913 superque
1676 1859 1737 1903 65

415 1926 548 1976 Quam
571 1925 668 1967 satis
687 1933 771 1972 est3
796 1925 946 1979 pugnis
967 1939 1110 1975 caesus,
1130 1924 1316 1979 ferroque
1335 1925 1502 1979 petitus,

415 1988 620 2031 Exclusus
639 1989 739 2039 fore,
761 2003 852 2030 cum
875 1989 1145 2043 Longarenus
1165 1989 1269 2030 foret
1289 1989 1413 2030 intus.

413 2056 529 2098 Huic
549 2057 583 2097 si
603 2056 783 2098 mutonis
805 2056 937 2097 verbis
958 2056 1064 2097 mala
1083 2064 1198 2097 tanta
1218 2056 1395 2097 videntis

415 2124 584 2165 Diceret
604 2124 694 2165 haec
715 2123 898 2170 animus;
925 2122 1037 2173 Quid
1058 2123 1120 2164 vis
1141 2123 1247 2164 tibi?
1268 2123 1454 2178 nunquid
1475 2139 1552 2179 ego
1571 2140 1595 2166 a
1616 2135 1655 2168 te

413 2191 573 2246 Magno
592 2200 837 2247 prognatum
858 2192 1032 2246 deposco
1053 2190 1218 2231 consule
1239 2205 1434 2240 cunnum,
1674 2192 1735 2247 70

415 2260 684 2315 Velatumque
706 2260 822 2309 stola,
844 2273 934 2300 mea
955 2272 1045 2300 cum
1069 2257 1295 2299 conferbuit
1314 2257 1374 2299 ira
1387 2260 1406 2298 ?

413 2328 525 2378 Quid
545 2328 837 2382 responderet?
863 2326 1020 2381 Magno
1039 2334 1154 2381 patre
1174 2334 1270 2366 nata
1289 2326 1428 2380 puella
1447 2336 1522 2369 est.

412 2397 476 2436 At
494 2398 647 2450 quanto
667 2395 834 2436 meliora
854 2402 1007 2444 monet,
1028 2393 1337 2448 pugnantiaque
1356 2393 1460 2444 istis,

372 2483 375 2487 v
411 2461 542 2502 Dives
562 2462 650 2516 opis
671 2471 817 2503 natura
838 2477 937 2511 suae,
960 2461 992 2501 si
1015 2469 1061 2502 tu
1081 2461 1202 2510 modo
1222 2468 1330 2501 recte

407 2527 658 2585 Dispensare
678 2529 794 2578 velis,
817 2543 864 2570 ac
883 2543 963 2568 non
984 2527 1179 2581 fugienda
1198 2526 1385 2580 petendis
1671 2527 1730 2581 75

409 2595 670 2637 Immiscerel·
693 2597 790 2636 Tuo
810 2595 925 2643 vitio,
946 2607 1148 2643 rerumne,
1170 2593 1341 2643 labores,

351 2661 353 2664 ⁴
406 2662 481 2703 Nil
500 2661 648 2703 referre
668 2664 819 2716 putas?
842 2662 979 2711 Quare
998 2675 1050 2701 ne
1070 2660 1269 2714 poeniteat
1290 2669 1353 2701 te:

406 2729 561 2771 Desine
581 2737 785 2770 matronas
807 2727 1008 2776 sectarier,
1032 2727 1140 2768 unde
1160 2727 1308 2768 laboris

405 2797 508 2838 Plus
529 2797 693 2840 haurire
714 2796 809 2838 mali
832 2805 906 2846 est,
929 2810 1048 2850 quam
1071 2810 1120 2836 ex
1141 2810 1184 2836 re
1205 2795 1419 2851 decerpere
1439 2797 1611 2839 fructus.
