1962 3268
379 308 434 349 40
805 323 845 352 Q.
878 323 1072 353 florm'ru
1106 324 1270 352 FLAcm

378 419 600 476 Desipiant
619 435 759 463 omnes
778 436 895 478 aeque
914 436 962 464 ac
983 430 1043 473 tn,
1066 423 1137 478 qui
1159 422 1236 465 tibi
1256 437 1407 466 nomen

380 488 533 528 Insano
553 502 738 541 posuere.
797 489 923 531 Velut
943 489 1071 542 silvis,
1091 490 1163 531 ubi
1183 490 1334 545 passim

379 554 574 597 Palantes
593 571 703 598 error
723 564 833 598 certo
853 557 905 598 de
927 556 1089 598 tramite
1107 558 1251 612 pellit;

379 621 459 662 Ille
480 621 771 673 sinistrorsum,
793 623 861 665 hic
880 624 1141 665 dextrorsum
1162 624 1275 673 abiu
1305 640 1416 667 unus
1436 626 1600 681 utrique
1641 627 1702 668 5⁰

378 685 519 739 Error,
542 690 756 745 sedtvariis
777 690 917 732 illudit
938 690 1145 744 partibus:
1178 691 1255 733 hoc
1276 700 1317 733 te

378 756 514 798 Crede
532 758 653 799 modo
673 757 879 809 insanum,
899 758 1030 799 nihilo
1050 767 1098 800 ut
1119 759 1340 813 sapientior
1360 759 1445 810 ille,

377 821 460 872 Qui
482 831 522 864 te
543 824 716 875 deridet,
737 825 909 866 caudam
931 825 1080 866 trahat.
1139 827 1221 867 Est
1240 841 1371 881 genus
1391 822 1518 868 unum

377 889 579 931 Stultitiae
598 890 775 931 nihilum
797 892 1017 933 metuenda
1037 891 1242 940 timentis;
1275 901 1323 934 ut
1342 892 1477 947 ignes,

374 956 439 997 Ut
458 971 580 1012 rupes
599 957 827 1012 fluviosque
847 958 890 998 in
911 972 1054 1012 campo
1074 959 1235 1000 obstare
1255 969 1472 1014 queratur:
1638 963 1697 1002 55

371 1023 559 1065 Alterum
582 1033 623 1065 et
642 1024 739 1065 huic
762 1024 937 1075 varium,
959 1034 1000 1066 et
1020 1025 1150 1066 nihilo
1173 1026 1412 1081 sapientius,
1431 1028 1548 1083 ignes

372 1091 455 1131 Per
473 1092 629 1133 medios
649 1091 876 1146 fluviosque
897 1092 1074 1133 ruentis:
1107 1093 1255 1134 clamet
1276 1094 1406 1136 amica

373 1157 528 1207 Mater,
550 1158 723 1200 honesta
741 1174 866 1210 soror,
889 1174 980 1201 cum
1003 1161 1201 1215 cognatiS,
1223 1170 1353 1215 pater,
1374 1177 1508 1210 uxor;

372 1225 459 1267 Hic
477 1226 586 1268 fossa
607 1236 669 1268 est
688 1227 858 1282 ingens!
892 1227 960 1268 hic
980 1242 1101 1282 rupes
1122 1228 1299 1269 maxima
1316 1231 1324 1270 Ξ
1358 1233 1499 1272 serva!

370 1293 413 1333 N
416 1307 468 1333 on
489 1294 619 1348 magis
639 1293 814 1334 audierit
833 1308 954 1348 quam
978 1295 1133 1336 Fusius
1152 1295 1288 1336 ebrius
1309 1296 1406 1336 olim
1636 1296 1697 1342 60

372 1361 479 1401 Cum
503 1361 677 1403 Ilionam
701 1361 891 1411 edormit,
915 1361 1099 1403 Catienis
1120 1363 1233 1404 mille
1253 1363 1456 1414 ducentis,

372 1428 512 1469 Mater
532 1436 571 1469 te
591 1428 767 1483 appello,
789 1428 1069 1469 clamantibus.
1133 1430 1249 1471 Huic
1269 1445 1345 1484 ego
1365 1431 1536 1485 vulgum

369 1496 514 1536 Errori
535 1496 708 1537 similem
731 1504 922 1537 cunctum
944 1495 1123 1536 insanire
1144 1497 1309 1538 docebo.

372 1563 534 1605 Insanit
553 1572 709 1604 veteres
731 1571 885 1604 statuas
907 1563 1185 1618 Damasippus
1207 1565 1394 1605 emendo.

370 1631 540 1685 Integer
560 1640 621 1672 est
641 1631 790 1672 mentis
812 1630 1059 1685 Damasippi
1079 1631 1286 1672 creditor?
1318 1641 1427 1673 esto:
1633 1633 1692 1676 65

366 1698 521 1754 Accipe
540 1699 650 1754 quod
670 1713 879 1753 nunquam
899 1698 1047 1739 reddas
1067 1699 1185 1749 mihi,
1209 1699 1239 1739 si
1263 1699 1336 1740 tibi
1359 1700 1508 1751 dicam,

369 1768 493 1807 Tune
512 1766 681 1807 insanus
702 1766 795 1816 eris,
818 1765 852 1806 si
872 1766 1099 1819 acceperis;
1133 1781 1184 1807 an
1207 1766 1336 1820 magis
1358 1781 1511 1816 excors,

367 1834 541 1888 Rejecta
561 1834 715 1888 praeda,
738 1848 858 1888 quam
881 1847 1061 1887 praesens
1085 1832 1318 1873 Mercurius
1338 1833 1449 1874 fert?

370 1899 509 1941 Scribe
529 1901 669 1941 decem
692 1915 715 1941 a
736 1900 865 1940 Nerio
883 1915 891 1939 :
923 1914 1005 1939 non
1026 1908 1087 1940 est
1108 1899 1231 1946 satis;
1265 1900 1371 1940 adde
1393 1899 1552 1941 Cicutae

367 1966 525 2007 Nodosi
546 1966 706 2007 tabulas
726 1974 916 2012 centum;
949 1966 1062 2006 mille
1082 1967 1188 2007 adde
1209 1975 1397 2008 catenas:
1629 1967 1688 2022 70

365 2033 553 2088 Effugiet
573 2042 707 2075 tamen
729 2032 819 2074 haee
839 2032 1060 2073 sceleratus.
1078 2032 1242 2074 vincula
1264 2035 1452 2075 Proteus.

366 2102 473 2141 Cum
494 2101 627 2155 rapies
647 2100 690 2141 in
704 2100 778 2155 jus
797 2099 915 2140 malis
934 2099 1134 2140 ridentem
1157 2100 1316 2150 alienis,

364 2167 461 2209 Fiet
482 2182 592 2222 aper,
615 2168 735 2208 modo
756 2166 858 2218 avis,
877 2166 998 2206 modo
1020 2180 1178 2217 saxum,
1201 2175 1241 2207 et
1263 2181 1354 2207 cum
1377 2167 1502 2218 volet,
1523 2169 1654 2210 arbor.

367 2235 411 2276 Si
431 2235 537 2277 male
556 2250 640 2276 rem
664 2249 817 2289 gerere,
838 2233 972 2274 insani
993 2242 1081 2280 est;
1115 2242 1268 2283 contra,
1290 2234 1408 2285 bene,
1431 2235 1519 2276 sani
1537 2252 1548 2283 ;

363 2302 557 2344 Putidius
577 2302 707 2344 multo
727 2302 935 2343 cerebrum
954 2308 1015 2342 est
1037 2300 1156 2352 (mihi
1176 2300 1309 2352 crede)
1333 2300 1493 2352 Perilli,
1625 2302 1682 2357 75

361 2370 586 2419 Dictantis,
608 2370 718 2425 quod
739 2378 784 2410 tu
803 2382 1011 2423 nunquam
1033 2366 1252 2408 rescribere
1273 2367 1414 2421 possis.

362 2437 536 2487 Audire,
558 2446 680 2491 atque
701 2446 836 2490 togam
853 2436 979 2490 jubeo
1000 2448 1257 2489 componere,
1278 2434 1462 2488 quisquis

359 2503 602 2545 Ambitione
624 2504 729 2544 mala
749 2511 821 2544 aut
841 2501 998 2556 argenti
1016 2501 1144 2555 pallet
1166 2515 1315 2550 amore,

359 2570 554 2626 Quisquis
575 2570 737 2611 luxuria
760 2570 917 2610 tristive
938 2567 1240 2622 superstitione,

355 2638 450 2678 Aut
470 2637 550 2678 alio
569 2637 717 2678 mentis
738 2636 878 2676 morbo
900 2635 1029 2681 calet;
1064 2634 1146 2675 huc
1167 2633 1335 2688 propius
1355 2647 1434 2684 me,
1619 2638 1678 2678 80

355 2705 468 2748 Dum
491 2704 616 2746 doceo
635 2703 813 2744 insanire
834 2716 988 2752 omnes,
1010 2715 1082 2741 vos
1104 2700 1245 2741 ordine
1266 2700 1390 2741 adite,

354 2772 505 2814 Danda
525 2779 586 2813 est
607 2769 805 2812 hellebori
828 2769 956 2810 multo
977 2782 1070 2823 pars
1092 2767 1268 2809 maxima
1289 2767 1446 2809 avaris:
