1962 3268
444 311 528 352 114
599 323 640 352 α.
672 312 867 350 norm-11
899 317 1064 347 uacci
1092 318 1342 347 mmmmm
1371 319 1461 347 mn.
1489 319 1520 346 1.
1545 306 1614 347 38.

500 421 586 462 Vix
605 433 688 463 una
708 434 846 475 sospes
866 418 984 461 navis
1004 419 1056 460 ab
1075 417 1269 473 ignibus3

500 490 770 543 Mentemque
788 485 1042 542 lymphatam
1065 484 1295 527 Mareotico

561 554 744 610 Redegit
763 554 807 595 in
828 567 946 595 veros
967 552 1133 594 timores

617 623 771 672 Caesar,
793 621 844 662 ab
866 619 991 662 Italia
1011 619 1217 661 volantem

503 686 648 728 Remis
668 686 920 740 adurgoens,
945 683 1155 738 (accipiter
1174 682 1289 724 velut

504 753 659 795 Molles
680 752 903 802 columbas,
926 759 998 793 aut
1017 750 1197 805 leporem
1218 749 1325 791 citus

561 822 744 862 Venator
763 820 807 861 in
828 818 982 874 campis
1002 817 1151 859 nivalis

617 886 859 937 AEmoniae,)
877 886 993 927 daret
1011 892 1058 925 ut
1079 883 1233 925 catenis

504 955 650 997 Fatale
671 961 913 1002 monstrum,
935 965 1028 1007 quae
1050 948 1288 1004 generosius

504 1018 646 1061 Perire
665 1031 867 1073 quaerens,
887 1030 963 1058 nec
982 1013 1235 1056 muliebriter

561 1083 746 1139 Expavit
768 1097 920 1131 ensem,
943 1096 1018 1124 nec
1039 1081 1215 1122 latentes

618 1151 760 1192 Classe
781 1150 861 1192 cita
882 1148 1085 1204 reparavit
1106 1161 1219 1188 oras:

502 1217 621 1259 Ausa
640 1226 681 1259 et
694 1217 901 1272 jacentem
922 1216 1053 1257 visere
1074 1214 1226 1268 regiam

503 1284 637 1325 Vultu
657 1298 813 1334 sereno,
834 1282 950 1324 fortis
971 1291 1012 1323 et
1031 1295 1194 1336 asperas

566 1352 766 1392 Tractare
788 1357 1012 1404 serpentes,
1033 1356 1080 1388 ut
1101 1356 1233 1389 atrum

621 1420 801 1473 Corpore
821 1415 1068 1458 combiberet
1089 1427 1307 1463 venenum,

507 1485 747 1526 Deliberata
766 1491 895 1524 morte
916 1481 1110 1523 ferocior:

506 1551 640 1593 Saevis
662 1549 862 1593 Liburnis
883 1546 1264 1596 scilicet-invidens,

564 1618 736 1660 Privata
756 1616 907 1658 deduci
928 1615 1102 1669 superbo
1255 1610 1258 1614 ’

621 1686 721 1726 Non
742 1683 912 1726 humilis
933 1681 1081 1723 mulier
1103 1679 1325 1734 triumpho.

736 1970 863 2011 ODE
895 1965 1183 2008 XXXVIII.
1236 1962 1305 2013 (M.
1329 1967 1485 2018 xvnI.)

921 2081 983 2107 AD
1015 2077 1297 2107 MINJSTRUM.

511 2170 734 2210 Pmtsmos
765 2166 848 2216 odi,
869 2179 986 2220 puer,
1008 2171 1253 2218 apparatus:

510 2234 745 2289 Displicent
764 2247 882 2275 nexae
900 2230 1066 2286 philyra
1084 2243 1269 2271 coronae:

512 2302 639 2343 Mitte
660 2300 820 2352 sectari,
838 2313 931 2342 rosa
948 2312 1029 2353 quo
1049 2298 1230 2339 locorum

645 2390 649 2393 -
683 2369 782 2410 Sera
800 2373 993 2408 moretur.

513 2434 699 2489 Simplici
719 2442 853 2489 myrto
872 2431 980 2474 nihil
1000 2430 1228 2476 adlabores,

512 2500 689 2543 Sedulus
709 2514 837 2542 curae:
869 2511 1001 2553 neque
1022 2504 1063 2537 te
1084 2494 1314 2536 ministrum

495 2568 695 2609 'Dedecet
715 2574 887 2620 myrtus,
909 2578 1040 2619 neque
1061 2576 1125 2603 me
1146 2561 1222 2602 sub
1241 2567 1351 2602 arcta

681 2632 775 2674 Vite
795 2632 1015 2673 bibentem.

1707 550 1762 591 15

1711 1212 1766 1253 25
