1962 3268
0 1536 22 1603 Ξ

0 1608 17 1662 ἒ

566 309 820 349 εΑιιΜῐΝυιις
855 311 943 338 mn.
978 311 1050 339 111.
1083 297 1150 351 27.

236 410 312 453 >Sis
332 411 430 454 licet
449 411 550 454 felix
568 412 804 470 ubicunque
825 415 970 466 mavis,

242 480 305 522 Et
325 494 482 523 memor
502 482 645 532 nostri,
668 482 860 532 Galatea,
883 483 1023 526 vivas:

241 548 392 604 Teque
411 563 489 591 nec
508 549 641 591 laevus
663 557 778 591 vetat
797 550 857 590 ire
879 550 1013 606 picus,

358 617 401 659 Ν
403 631 450 659 ec
470 631 576 673 vaga
595 617 751 660 corniX.

239 682 325 726 Sed
345 683 462 727 vides
480 693 637 741 quanto
657 685 836 741 trepidet
856 688 1040 728 tumultu

239 751 406 795 Pronus
426 754 557 796 Orion
578 756 586 796 !
620 768 698 810 ego
716 753 820 810 quid
840 754 894 796 sit
914 763 1002 797 ater

236 820 380 863 Adriae
399 821 498 863 novi
518 822 648 872 sinus,
669 831 711 865 et
731 822 834 878 quid
853 823 971 865 albus

352 888 505 932 Peceet
529 890 678 946 Iapyx.

240 955 442 999 Hostium
462 972 612 1000 uxores
632 958 833 1015 puerique
854 973 984 1001 caecos

237 1024 431 1068 Sentiant
451 1035 589 1068 motus
609 1026 779 1069 orientis
800 1028 966 1079 Austri,
988 1038 1029 1070 et

237 1093 438 1150 AEquoris
452 1094 562 1150 nigri
582 1094 809 1146 fremitum,
832 1105 873 1138 et
894 1106 1114 1142 trementes

353 1162 533 1205 Verbere
551 1163 675 1219 ripas,
943 1179 945 1181 ’

235 1229 308 1273 Sic
326 1239 369 1273 et
389 1232 561 1288 Europe
580 1231 748 1273 niveum
769 1231 911 1272 doloso

232 1297 427 1341 Credidit
447 1308 567 1342 tauro
586 1299 710 1350 latus,
731 1307 776 1340 et
796 1306 1021 1341 scatentem

232 1365 379 1415 Beluis
399 1375 574 1423 pontum
596 1367 836 1423 mediasque
853 1367 1021 1410 fraudes

350 1435 510 1478 Palluit
532 1436 682 1478 audax.

234 1504 382 1559 Nuper
400 1503 445 1545 in
464 1504 595 1560 pratis
615 1503 800 1546 studiosa
820 1503 983 1556 florum,
1006 1515 1047 1547 et

232 1568 404 1614 Debitae
424 1571 636 1628 Nymphis
657 1571 795 1628 opifex
817 1587 994 1624 coronae,

236 1639 372 1682 Nocte
392 1639 590 1682 sublustri
611 1639 718 1681 nihil
738 1649 847 1683 astra
866 1650 1018 1697 praeter

348 1708 468 1751 Vidit
489 1716 530 1751 et
552 1708 686 1751 undas
703 1726 713 1751 :

231 1778 341 1829 Quae
361 1776 486 1819 simul
505 1785 673 1819 centum
696 1779 835 1834 tetigit
850 1787 1065 1835 potentem

227 1844 412 1900 Oppidis
435 1846 604 1894 Creten,
628 1846 756 1887 Pater
777 1847 816 1888 O
837 1847 1026 1889 relictum

230 1913 356 1955 Filiae
375 1927 542 1963 nomen,
563 1914 790 1970 pietasque,
813 1915 935 1967 dixit,

346 1981 469 2023 Victa
487 1981 625 2023 furore
645 1985 655 2023 Ξ
1026 2021 1030 2025 ,

230 2048 392 2091 Unde?
423 2063 505 2106 quo
526 2049 620 2092 veni
638 2053 656 2091 ?
687 2050 790 2092 levis
811 2065 894 2093 una
914 2065 1024 2093 mors
1047 2060 1108 2093 est

228 2116 449 2173 virginum
466 2117 614 2173 culpae.
677 2118 922 2173 Vigilansne
942 2119 1060 2173 ploro

227 2185 377 2240 Turpe
396 2185 659 2226 commissum
678 2188 696 2226 Ρ
728 2200 782 2227 an
804 2186 908 2227 vitio
929 2195 1135 2229 carentem

344 2251 479 2293 Ludit
498 2252 636 2306 imago

229 2319 365 2370 Vana,
387 2333 481 2374 quae
503 2326 621 2374 porta
640 2319 806 2375 fugiens
827 2321 984 2364 eburna

229 2386 444 2430 Somnium
465 2386 582 2429 ducit
599 2386 614 2428 ?
646 2387 850 2431 meliusne
869 2388 1021 2432 fluctus

230 2456 301 2498 Ire
319 2469 394 2511 per
413 2455 559 2510 longos
579 2455 675 2506 fuit,
698 2471 750 2499 an
771 2455 955 2500 recentes

345 2525 526 2579 Carpere
546 2523 695 2566 fiores?

230 2592 277 2635 Si
295 2592 388 2649 quis
407 2591 602 2635 infamem
624 2593 727 2636 mihi
748 2609 860 2638 nunc
873 2596 1102 2652 juvencum

227 2660 370 2703 Dedat
389 2659 521 2711 iratae,
542 2660 720 2705 lacerare
739 2663 847 2705 ferro
867 2673 908 2706 et

229 2729 439 2784 Frangere
458 2727 590 2770 enitar
609 2731 732 2772 modo
753 2732 931 2774 multum
953 2735 1080 2777 amati

344 2796 510 2837 Cornua
530 2797 715 2840 monstri.

1252 2874 1337 2913 ΜΞ

1451 297 1536 341 163

1472 556 1527 598 15

1459 1239 1520 1279 25
