1962 3268
654 629 657 631 ,
730 575 785 623 Q.
817 556 1099 620 Ho‘RATn
1133 577 1360 620 FLAcc1

452 698 602 762 DE
684 701 996 765 ARTE
1082 704 1646 786 POETICA,

629 847 719 896 AD
758 845 1054 888 PISONES
1092 847 1458 893 EPISTOLA.

382 1048 595 1089 HUMANO
611 1048 738 1103 capiti
759 1048 958 1090 cervicem
978 1049 1111 1104 pictor
1129 1050 1319 1106 equinam

379 1115 407 1155 ,J
416 1129 567 1169 ungere
587 1114 621 1155 si
642 1114 756 1165 velit,
773 1123 815 1156 et
835 1115 966 1157 varias
982 1116 1176 1158 inducere
1196 1118 1372 1172 plumaS,

380 1181 581 1236 Undique
602 1182 760 1234 collatis
780 1183 988 1233 membris,
1005 1192 1052 1225 ut
1074 1185 1247 1240 turpiter
1266 1195 1400 1228 atrum

380 1248 556 1291 Desinat
580 1249 622 1290 in
643 1249 796 1304 piscem
818 1250 966 1292 mulier
984 1251 1163 1305 fprmosa
1183 1268 1370 1308 superne,

381 1317 619 1370 Spectatum
641 1317 809 1358 admissi
828 1317 956 1359 risum
979 1319 1166 1371 teneatis,
1188 1321 1308 1363 amici
1326 1322 1343 1362 ’ἰ
1532 1372 1534 1374 v
1671 1327 1707 1367 5.

380 1384 564 1434 Credite,
588 1384 775 1434 Pisones,
796 1384 866 1426 isti
887 1385 1038 1427 tabulae
1058 1386 1144 1428 fore
1164 1387 1315 1430 librum

377 1450 648 1501 Persimilem,
671 1451 803 1506 cujus,
825 1452 940 1495 velut
956 1453 1056 1507 aegri
1077 1455 1248 1505 somnia,
1269 1469 1387 1497 vanae

379 1518 615 1573 Fingentur
631 1519 811 1573 species;
844 1528 892 1561 ut
911 1534 987 1562 nec
1005 1534 1093 1575 pes,
1114 1536 1191 1563 nec
1207 1531 1330 1578 caput
1349 1525 1423 1566 uni

378 1586 598 1628 Reddatur
616 1585 773 1627 formae.
836 1587 873 1633 Ἥ
889 1588 1123 1630 Pictoribus
1145 1598 1267 1646 atque
1288 1593 1423 1646 poe'tis
1459 1642 1460 1645 Ἴ

376 1652 593 1700 Quidlibet
612 1653 793 1695 audendi
813 1668 972 1709 semper
991 1655 1071 1698 fuit
1091 1671 1210 1712 aequa
1230 1667 1422 1713 potestas.
1647 1665 1700 1704 10

378 1721 415 1767 ἽῙ
436 1721 612 1772 Scimus,
629 1729 670 1762 et
682 1720 788 1763 hanc
805 1722 966 1764 veniam
981 1723 1240 1780 petimusque
1256 1726 1480 1783 damusque
1497 1727 1701 1771 vicissim:

378 1788 461 1828 Sed
477 1802 559 1828 non
575 1796 622 1828 ut
642 1787 816 1842 placidis
836 1795 983 1831 coe'ant
1002 1790 1201 1844 immitia3
1231 1808 1313 1835 non
1334 1804 1381 1836 ut

377 1856 597 1910 Serpentes
618 1855 762 1897 avibus
776 1857 1057 1911 geminentur,
1079 1859 1252 1914 tigribus
1273 1862 1381 1916 agni.

378 1919 564 1973 I-nceptis
584 1920 778 1974 gravibus
798 1921 1039 1977 plerumque
1060 1932 1102 1964 et
1121 1938 1269 1979 magna
1288 1926 1479 1980 professis

375 1986 627 2040 Purpureus,
648 1986 732 2027 late
750 1987 821 2040 qui
841 1988 1067 2042 splendeat,
1090 2004 1195 2032 unus
1216 2000 1256 2033 et
1277 1993 1380 2034 alter
1638 1999 1696 2039 -15

375 2050 575 2093 Assuitur
594 2064 754 2104 pannus
771 2066 782 2100 ;
813 2065 905 2092 cum
926 2051 1042 2093 lucus
1064 2061 1106 2094 et
1125 2068 1195 2095 ara
1215 2056 1379 2108 Dianae,

375 2119 435 2159 Et
455 2117 713 2172 properantis
734 2131 851 2172 aquae
870 2132 943 2173 per
963 2133 1145 2161 amoenos
1161 2122 1338 2166 ambitus
1359 2140 1492 2180 agros,

375 2187 468 2226 Aut
487 2184 640 2226 flumen
663 2184 875 2236 Rhenum,
897 2194 968 2227 aut
988 2186 1153 2241 pluvius
1173 2189 1416 2233 describitur
1435 2208 1577 2237 arcus:

377 2252 460 2294 Sed
479 2267 589 2293 nunc
609 2266 692 2293 non
712 2260 798 2313 erat
817 2251 882 2294 his
902 2252 1035 2295 locus:
1068 2262 1109 2296 et
1127 2255 1297 2299 fortasse
1315 2273 1551 2315 cupressum

376 2321 467 2362 Scis
488 2320 706 2371 simulare3
736 2319 837 2374 quid
855 2320 949 2370 hoc,
971 2321 1005 2362 si
1019 2321 1161 2364 fractis
1182 2333 1320 2367 enatat
1340 2341 1487 2383 exspes
1633 2332 1694 2374 20

374 2388 578 2438 Navibus,
601 2378 682 2429 aere
702 2388 798 2428 dato
818 2387 888 2442 qui
909 2389 1120 2443 pingitur?
1152 2392 1351 2446 amphora
1368 2396 1494 2452 coepit

375 2455 571 2506 Institui3
602 2463 789 2496 currente
809 2464 898 2496 rota
918 2470 990 2497 cur
1006 2471 1152 2499 urceus
1173 2459 1287 2501 exit?

374 2522 566 2577 Denique
587 2521 640 2562 sit
659 2522 769 2576 quod
790 2522 866 2573 vis,
887 2522 1062 2578 simplex
1081 2524 1281 2569 duntaxat
1301 2536 1342 2570 et
1362 2544 1506 2574 unum.

357 2589 560 2645 ⁴Maxima
580 2602 674 2642 pars
694 2597 850 2639 vatum,
872 2599 988 2644 pater
1008 2597 1049 2632 et
1062 2591 1238 2646 juvenes
1258 2604 1374 2649 patre
1394 2597 1524 2653 digni,

373 2654 617 2710 Decipimur
636 2655 769 2709 specie
789 2655 913 2697 recti:
945 2657 1079 2698 brevis
1100 2672 1186 2700 esse
1206 2659 1358 2713 laboro,
1629 2671 1686 2712 25

373 2724 582 2765 Obscurus
602 2722 679 2763 fio:
712 2731 932 2764 sectantem
952 2723 1061 2765 lenia
1080 2725 1194 2766 nervi

374 2790 586 2833 Deficiunt
607 2789 837 2844 animique:
869 2791 1073 2845 professus
1092 2793 1262 2846 grandia
1285 2803 1443 2852 turget:
