1962 3268
643 511 697 559 0,.
729 509 990 552 HORATII
1020 506 1239 551 FLACCI

513 593 1367 690 CARMINUM

702 752 870 792 LIBER
898 747 1184 795 QUARTUS.

724 928 854 971 ODE
887 927 928 969 Ι.
986 926 1052 977 (Μ.
1086 924 1179 977 xv.)

770 1037 832 1064 AD
865 1033 1110 1063 VENEREM.

342 1110 652 1160 INTERMISSA,
676 1109 832 1159 Venus,
853 1105 942 1156 diu,

397 1177 564 1219 Rursus
582 1176 693 1228 bella
711 1176 882 1217 moves?
914 1174 1060 1224 Parce,
1081 1186 1239 1228 precor,
1259 1185 1416 1227 precor.

344 1245 445 1288 Non
464 1259 555 1287 sum
576 1243 711 1300 qualis
731 1257 842 1286 eram
861 1243 984 1284 bonae

401 1313 490 1355 Sub
508 1327 637 1369 regno
658 1311 836 1356 Cinarae.
898 1309 1071 1361 Desine,
1093 1308 1282 1350 dulcium

343 1381 488 1424 Mater
505 1396 616 1424 saeva
637 1379 912 1437 Cupidinum,

403 1449 529 1492 Circa
546 1449 679 1492 lustra
697 1449 840 1491 decem
859 1447 1024 1490 flectere
1044 1444 1237 1488 mollibus

344 1517 376 1559 J
378 1531 445 1560 am
464 1517 618 1560 durum
637 1516 833 1573 imperiis.
893 1515 977 1557 Abi

405 1585 499 1636 Quo
517 1585 683 1628 blandae
695 1585 901 1641 juvenum
919 1591 963 1626 te
981 1588 1177 1625 revocant
1197 1593 1350 1635 preces.

349 1653 664 1709 Tempestivius
683 1653 729 1695 in
749 1653 917 1695 domum

405 1722 546 1774 Pauli,
566 1722 784 1779 purpureis
804 1721 889 1764 ales
909 1719 1107 1770 oloribus,

351 1791 635 1834 Comissabere
656 1789 857 1841 Maximi,

409 1858 455 1902 Si
475 1867 629 1902 torrere
640 1860 762 1916 jecur
780 1857 931 1915 quaeris
950 1857 1160 1899 idoneum.

351 1928 545 1984 Namque
564 1935 606 1970 et
625 1927 776 1970 nobilis
795 1934 837 1969 et
857 1927 1007 1969 decens

407 1995 471 2038 Et
489 2010 565 2051 pro
585 1995 757 2038 solicitis
776 2009 860 2037 non
880 1994 1030 2036 tacitus
1050 1993 1145 2045 reis,

352 2063 414 2106 Et
434 2070 600 2105 centum
620 2077 724 2118 puer
742 2062 911 2114 artium,

411 2131 522 2174 Late
541 2131 661 2187 signa
674 2130 960 2173 feretmilitiae
976 2138 1074 2172 tuae.

355 2200 418 2242 Et
436 2199 684 2255 quandoque
703 2199 911 2253 potentior

415 2265 569 2321 Largis
587 2265 828 2308 muneribus
846 2264 982 2307 riserit
1001 2264 1157 2316 aemuli,

359 2335 550 2377 Albanos
569 2347 698 2390 prope
718 2341 759 2376 te
778 2333 895 2376 lacus

416 2403 552 2445 Ponet
571 2416 855 2454 marmoream,
877 2401 954 2444 sub
975 2402 1090 2444 trabe
1109 2401 1249 2444 citrea.

362 2469 459 2514 Illic
477 2469 657 2526 plurima
675 2469 846 2513 naribus

420 2539 564 2582 Duces
584 2546 691 2590 tura,
712 2538 897 2595 lyraeque
918 2546 960 2581 et
981 2538 1244 2593 Berecyntiae

364 2606 636 2650 Delectabere
656 2605 774 2649 tibiae

423 2673 571 2716 Mistis
587 2674 850 2727 carminibus,
871 2689 956 2717 non
975 2674 1064 2717 sine
1082 2674 1236 2718 fistula.

370 2739 466 2784 Illic
485 2741 549 2784 bis
568 2743 687 2798 pueri
707 2742 776 2785 die

425 2809 596 2853 Numen
614 2825 709 2854 cum
729 2811 879 2854 teneris
899 2811 1129 2867 virginibus
1149 2820 1268 2854 tuum

1569 1717 1625 1758 10

1575 2062 1630 2103 15

1578 2403 1636 2443 20

1585 2744 1643 2785 25
