1962 3268
615 354 936 383 EPISTULARUM
970 354 1062 383 mn.
1095 355 1147 384 ιι.
1179 341 1218 382 1.
1493 340 1577 380 220

232 456 360 499 Nunc
380 447 633 506 tibicinibus,
655 469 766 497 nunc
786 464 848 498 est
866 455 1010 512 gavisa
1030 455 1253 512 tragoedis:

233 524 322 567 Sub
341 524 503 567 nutrice
522 524 662 580 puella
684 524 799 566 velut
819 524 854 566 si
879 524 1041 566 luderet
1060 524 1212 574 infans,

231 593 356 644 Quod
375 592 526 648 cupide
545 592 682 648 petiit,
704 601 864 635 mature
884 592 1009 648 plena
1029 592 1208 648 reliquit.
1311 595 1321 605 ’
1483 593 1570 634 100

231 660 345 712 Quid
365 661 499 717 placet
515 670 588 702 aut
609 660 704 702 odio
724 670 801 711 est,
823 662 934 717 quod
954 676 1035 703 non
1058 660 1257 702 mutabile
1277 660 1451 702 credas?

229 728 329 771 Hoc
347 743 469 784 paces
489 728 670 770 habuere
690 729 827 778 bonae,
848 729 1044 784 ventique
1063 729 1248 771 secundi.

227 797 378 839 Romae
397 795 520 838 dulce
540 796 614 838 diu
631 795 713 837 fuit
733 805 775 838 et
796 796 963 838 solenne
983 797 1142 838 reclusa

227 859 361 907 Mane
380 864 503 907 domo
523 864 709 921 vigilare,
731 864 872 906 clienti
892 879 1078 920 promere
1091 865 1204 921 jura,

226 933 384 976 Cautos
406 933 641 975 nominibus
661 933 782 975 rectis
803 934 1034 989 expendere
1053 947 1260 983 nummos,
1481 935 1564 977 105

227 1002 413 1058 Majores
433 1001 591 1054 audire,
611 1001 760 1043 minori
779 1001 917 1044 dicere
935 1016 1010 1058 per
1024 1016 1117 1058 quae

226 1069 422 1112 Crescere
441 1084 506 1111 res
525 1078 680 1125 posset,
702 1069 835 1111 minui
855 1070 1054 1112 damnosa
1073 1070 1215 1112 libido.

223 1137 414 1180 Mutavit
434 1146 612 1179 mentem
634 1138 812 1193 populus
832 1138 951 1190 levis,
973 1148 1014 1181 et
1035 1139 1141 1181 calet
1161 1154 1246 1180 uno

226 1205 443 1249 Scribe-ndi
464 1205 621 1248 studio:
654 1205 853 1263 puerique
872 1214 1091 1263 patresque
1110 1206 1242 1248 severi

224 1274 393 1317 Fronde
412 1279 550 1318 comas
563 1274 695 1316 vincti
715 1284 896 1326 coenant,
918 1283 960 1317 et
980 1274 1162 1317 carmina
1181 1274 1354 1316 dictant.
1475 1277 1560 1317 110

223 1343 324 1399 Ipse
342 1358 435 1399 ego,
455 1343 530 1399 qui
548 1342 686 1384 nullos
708 1357 773 1384 me
793 1343 951 1385 affirmo
972 1343 1147 1385 scribere
1168 1357 1327 1393 versus,

222 1411 422 1454 Iuvenior
443 1410 612 1454 Parthis
632 1411 891 1460 mendacior;
925 1420 967 1454 et
986 1411 1102 1467 prius
1121 1418 1211 1454 orto

223 1480 320 1522 Sole
338 1480 457 1536 vigil,
478 1480 681 1522 calamum
703 1489 745 1522 et
765 1479 929 1522 chartas
949 1489 990 1522 et
1011 1480 1162 1523 scrinia
1181 1495 1319 1536 posco.

221 1547 377 1591 Navim
397 1563 518 1604 agere
538 1548 708 1604 ignarus
728 1547 846 1590 navis
867 1547 985 1590 timet
996 1561 1008 1597 3
1039 1548 1284 1590 abrotonum
1306 1565 1420 1606 aegro

222 1617 321 1658 Non
333 1617 459 1660 audet
471 1616 551 1658 nisi
565 1616 637 1672 qui
651 1616 815 1667 didicit,
831 1616 949 1658 dare:
971 1616 1086 1672 quod
1101 1616 1353 1659 medicorum
1367 1626 1444 1670 est,
1473 1620 1556 1661 115

221 1683 479 1727 Promittant
500 1684 649 1728 medici
665 1701 678 1732 ;
701 1692 881 1727 tractant
899 1684 1064 1727 fabrilia
1082 1684 1189 1727 fabri
1206 1702 1215 1726 :

221 1752 448 1795 Scribimus
469 1753 626 1796 indocti
646 1753 840 1809 doctique
860 1759 1055 1809 poemata
1074 1752 1241 1808 passim.

219 1820 309 1863 Hic
328 1836 440 1863 error
459 1830 612 1873 tamen,
634 1830 677 1864 et
695 1821 799 1864 levis
819 1821 912 1863 haec
931 1821 1094 1863 insania
1111 1829 1288 1877 quantas

219 1889 407 1932 Virtutes
425 1890 592 1942 habeat,
613 1890 672 1932 sic
693 1888 841 1946 collige
858 1905 875 1931 ε.
901 1890 1008 1932 vatis
1028 1904 1178 1932 avarus

218 1959 318 2000 Non
339 1966 492 2001 temere
510 1967 573 2001 est
593 1959 754 2001 animus
771 1975 783 2007 ;
817 1973 960 2000 versus
982 1967 1108 2009 amat,
1130 1958 1210 2000 hoc
1229 1960 1371 2002 studet
1392 1974 1519 2002 unum
1538 1976 1552 2008 ;

216 2026 496 2079 Detrimenta‚
516 2027 638 2083 fugas
658 2041 884 2076 servorum,
907 2027 1100 2069 incendia
1118 2026 1246 2075 ridet;
1469 2030 1550 2071 121

218 2095 317 2137 Non
336 2094 524 2138 fraudem
546 2095 670 2143 socio,
694 2109 875 2152 puerove
895 2094 1097 2151 incogitat
1116 2093 1244 2136 ullam

217 2163 412 2220 Pupium
446 2163 551 2205 vivit
570 2163 730 2219 siliquis
750 2172 792 2204 et
811 2177 918 2218 pane
939 2162 1132 2203 secundo.

216 2230 390 2273 Militiae
408 2245 643 2287 quanquam
664 2230 783 2285 piger
802 2237 843 2271 et
863 2229 1012 2279 malus,
1033 2228 1148 2270 utilis
1168 2230 1259 2271 urbi
1277 2245 1290 2279 ;

219 2298 264 2341 Si
284 2299 359 2341 das
379 2298 474 2349 hoc,
495 2297 634 2353 parvis
654 2311 819 2353 quoque
839 2296 961 2338 rebus
983 2310 1134 2352 magna
1147 2297 1302 2352 juvari.
1467 2302 1552 2343 125

217 2367 279 2410 Os
299 2375 486 2409 tenerum
506 2365 624 2422 pueri
642 2365 892 2421 balbumque
910 2371 1035 2421 poeta
1054 2366 1231 2421 figurat3

218 2435 410 2491 Torquet
427 2435 480 2477 ab
498 2433 704 2476 obscoenis
718 2434 807 2490 jam
828 2448 939 2475 nunc
959 2433 1214 2476 sermonibus
1235 2450 1374 2478 aurem
1392 2454 1404 2485 ;

217 2504 327 2546 Mox
345 2503 470 2546 etiam
489 2513 634 2559 pectus
655 2502 872 2558 praeceptis
891 2502 1041 2543 format
1062 2501 1205 2544 amicis

217 2571 471 2628 Asperitatis
491 2580 532 2614 et
554 2570 724 2613 invidiae
746 2578 949 2613 corrector
969 2579 1010 2612 et
1030 2569 1103 2611 irae
1121 2586 1131 2618 ;

218 2639 352 2682 Recte
370 2640 480 2683 facta
499 2640 620 2682 refert
637 2656 649 2691 ;
680 2637 853 2681 orientia
874 2646 1058 2693 tempora
1077 2638 1187 2680 notis
1467 2644 1552 2685 130

218 2707 396 2750 Instruit
415 2708 638 2764 exemplis;
672 2707 836 2763 inopem
858 2706 1013 2748 solatur
1033 2715 1075 2748 et
1095 2720 1268 2763 aegrum.

215 2775 354 2818 Castis
374 2790 467 2818 cum
488 2775 627 2831 pueris
647 2775 791 2831 ignara
810 2774 951 2831 puella
972 2775 1110 2819 mariti

214 2845 406 2886 Disceret
427 2844 537 2886 unde
558 2858 714 2898 preceS‚
739 2852 875 2885 vatem
897 2843 941 2884 ni
962 2844 1090 2885 Musa
1110 2843 1290 2886 dedisset
1307 2848 1324 2886 ?

1347 2927 1374 2956 Q
