1962 3268
394 296 478 340 206
838 314 875 343 Q.
909 313 1101 342 HonATn
1134 315 1298 345 Frrnccr

452 415 519 456 Te
539 415 678 456 decem
698 416 805 457 tauri
826 416 1078 474 totidemque
1097 432 1246 471 vaccae,

450 482 526 523 Me
548 491 662 524 tener
683 483 812 524 solvet
828 483 982 527 vitulus
1003 486 1146 528 relicta

449 551 602 601 Matre,
622 550 693 606 qui
712 551 836 606 largis
849 553 1082 606 juvenescit
1101 554 1237 597 herbis

562 620 616 660 In
635 633 726 660 mea
750 628 859 671 vota,
1228 634 1230 636 ’

449 686 605 728 Fronte
626 695 814 728 curvatos
835 687 1020 730 imitatus
1040 689 1157 745 ignes

448 753 641 795 Tertium
662 754 798 795 Lunae
818 753 1028 798 referentis
1049 765 1198 807 ortum,

447 822 541 871 Qua
560 829 699 863 notam
722 821 856 871 duxit,
878 822 1023 865 niveus
1043 824 1190 874 videri,

562 889 728 930 Caetera
746 888 899 928 fulvus.

804 1042 931 1084 oDE
964 1045 1058 1086 111.
1112 1043 1182 1096 (M.
1215 1049 1307 1099 xv.)

837 1146 899 1172 AD
931 1146 1266 1178 MELPOMENEN.

445 1219 582 1269 QUEM
606 1227 652 1260 tu
674 1220 939 1275 Melpomene
960 1224 1084 1265 semel

501 1287 543 1326 N
547 1295 748 1327 ascentem
769 1288 932 1342 placido
951 1290 1107 1332 lumine
1126 1292 1291 1343 videris,

446 1353 571 1394 Illum
593 1368 676 1395 non
697 1354 811 1396 labor
829 1355 1030 1399 Isthmius

502 1421 686 1462 Clarabit
706 1422 904 1476 pugilem,
925 1439 1007 1465 non
1028 1440 1156 1481 equus
1178 1426 1354 1482 impiger

445 1489 582 1530 Curru
603 1489 726 1530 ducet
746 1489 933 1531 Achaico

502 1555 708 1597 Victorem
725 1573 736 1604 ;
769 1571 902 1612 neque
920 1573 984 1600 res
1005 1559 1151 1602 bellica
1171 1561 1305 1602 Deliis

444 1624 647 1665 Ornatum
668 1623 777 1665 foliis
798 1624 960 1675 ducem,

502 1691 625 1741 Quod
644 1705 787 1745 regum
809 1692 987 1734 tumidas
1007 1695 1239 1737 contuderit
1260 1696 1406 1747 minas,

443 1758 646 1799 Ostendet
668 1758 903 1813 Capitolio;

500 1825 582 1866 Sed
602 1840 694 1880 quae
716 1826 853 1867 Tibur
873 1842 989 1883 aquae
1008 1828 1143 1871 fertile
1162 1830 1400 1885 praefluunt,

439 1894 500 1935 Et
521 1893 662 1947 spissae
680 1907 891 1935 nemorum
912 1910 1052 1946 comae,

497 1959 680 2013 Fingent
701 1959 845 2000 AEolio
865 1962 1044 2003 carmine
1063 1963 1257 2006 nobilem.

440 2027 588 2067 Romae
608 2026 806 2081 principis
825 2027 988 2068 urbium

497 2093 708 2147 Dignatur
728 2094 888 2134 suboles
907 2094 1015 2135 inter
1034 2095 1229 2138 amabiles

439 2161 591 2201 Vatum
612 2175 762 2215 ponere
782 2175 848 2202 me
868 2161 1010 2203 choros
1027 2178 1038 2210 ;

495 2229 555 2269 Et
568 2228 656 2283 jam
678 2228 800 2269 dente
820 2228 955 2270 minus
975 2230 1162 2271 mordeor
1180 2230 1335 2273 invido.

437 2297 476 2338 O
498 2296 717 2337 testudinis
737 2310 871 2337 aureae

496 2364 674 2404 Dulcem
695 2378 787 2418 quae
808 2363 1039 2419 strepitum,
1062 2363 1190 2415 Pieri,
1212 2373 1413 2420 temperas
1431 2363 1439 2406 !

363 2478 365 2481 ¹
438 2431 476 2471 O
497 2431 622 2471 mutis
641 2445 802 2486 quoque
823 2431 1003 2486 piscibus

494 2498 710 2539 Donatura
731 2498 863 2553 cycni,
886 2498 920 2539 si
939 2498 1078 2548 libeat,
1101 2512 1244 2539 sonum
1263 2501 1272 2539 Ξ

433 2564 586 2605 Totum
608 2565 786 2606 muneris
806 2565 883 2605 hoc
904 2564 965 2605 tui
985 2574 1061 2616 est,

493 2631 615 2680 Quod
635 2640 835 2672 monstror
855 2631 985 2685 digito
1008 2631 1356 2686 praetereuntium,

437 2697 639 2737 Romanae
658 2697 808 2738 fidicen
829 2697 929 2750 lyrae
946 2713 954 2738 :

494 2763 617 2813 Quod
638 2764 747 2817 spiro
767 2773 808 2805 et
827 2764 968 2818 placeo
991 2762 1044 2813 (si
1063 2765 1235 2819 placeo),
1257 2773 1373 2807 tuum
1395 2774 1470 2808 est.

1650 1831 1706 1872 10

1647 2167 1703 2209 15

1643 2502 1700 2542 20
