1962 3268
366 315 450 356 232
799 329 839 359 Q.
867 311 1066 357 nonii-1¹11*
1096 329 1260 358 FLAcm

368 429 463 469 Hac
483 428 643 470 rabiosa
663 427 772 483 fugit
792 428 917 480 canis,
938 428 1014 470 hac
1034 429 1237 471 lutulenta
1257 429 1340 471 ruit
1360 444 1449 471 sus:
1625 428 1682 483 75
1700 483 1705 490 Ι

369 499 391 539 Ι
414 513 538 550 nunc,
560 506 601 540 et
621 513 762 540 versus
783 507 916 541 tecum
938 499 1136 541 meditare
1157 515 1336 542 canoros.

368 565 620 621 Scriptorum
642 565 789 608 chorus
809 566 942 608 omnis
962 576 1072 609 amat
1091 582 1249 619 nemus,
1273 577 1313 610 et
1332 568 1441 623 fugit
1461 568 1583 611 urbes

367 632 467 674 Rite
487 633 614 674 cliens
634 633 805 684 Bacchi,
828 647 968 675 somno
988 634 1206 690 gaudentis
1226 644 1267 676 et
1282 636 1451 677 umbra:

365 701 438 740 Tu
460 715 523 742 me
543 700 650 742 inter
671 700 863 755 strepitus
884 709 1105 742 nocturnos
1126 710 1249 757 atque
1270 702 1439 743 diurnos

364 766 438 808 Vis
459 782 616 820 canere,
637 776 678 809 et
699 776 906 810 contracta
925 767 1039 823 sequi
1059 768 1233 823 vestigia
1254 770 1425 810 vatum?
1618 771 1676 811 80

367 834 604 890 Ingenium,
626 835 703 876 sibi
723 836 833 890 quod
853 850 1002 877 vacuas
1023 836 1222 876 desumsit
1244 836 1449 886 Athenas,

364 903 424 943 Et
443 901 590 943 studiis
609 916 737 943 annos
759 910 914 956 septem
935 901 1065 949 dedit,
1085 902 1347 957 insenuitque

364 968 504 1010 Libris
524 977 565 1010 et
586 968 708 1019 curis,
729 977 864 1010 statua
885 968 1128 1010 taciturnius
1149 969 1233 1010 exit

361 1035 626 1091 Plerumque,
648 1044 688 1078 et
708 1035 793 1076 risu
813 1036 1011 1091 populum
1033 1036 1189 1091 quatit:
1223 1036 1291 1078 hic
1311 1052 1387 1092 ego
1409 1053 1542 1081 rerum

361 1102 581 1144 Fluctibus
600 1102 643 1143 in
665 1102 825 1153 mediis,
848 1111 889 1144 et
910 1104 1220 1158 tempestatibus
1242 1105 1368 1155 urbis,
1621 1111 1678 1151 85

359 1171 496 1212 Verba
515 1171 617 1226 lyrae
638 1179 797 1212 motura
816 1184 959 1212 sonum
981 1180 1222 1214 connectere
1242 1172 1421 1227 digner?

358 1239 502 1280 Frater
521 1247 608 1280 erat
629 1239 777 1280 Romae
798 1238 973 1280 consulti
992 1239 1145 1290 rhetor,
1167 1248 1215 1281 ut
1235 1240 1339 1282 alter

360 1306 544 1347 Alterius
565 1321 749 1348 sermone
770 1321 902 1347 meros
922 1306 1084 1348 audiret
1103 1307 1303 1355 honores,

359 1373 576 1416 Gracchus
596 1382 643 1415 ut
664 1373 733 1415 hic
754 1373 815 1414 illi
835 1373 954 1424 foret,
976 1374 1073 1416 huic
1094 1383 1141 1415 ut
1162 1375 1332 1416 Mucius
1353 1375 1435 1417 ille.

359 1441 441 1493 Qui
462 1441 598 1482 minus
618 1449 785 1495 argutos
806 1450 928 1483 vexat
947 1441 1060 1483 furor
1079 1442 1156 1483 iste
1176 1442 1318 1496 poetas
1335 1445 1352 1483 Ρ
1618 1448 1675 1490 90

359 1508 553 1550 Carmina
574 1523 790 1563 compono,
811 1508 880 1550 hic
900 1509 1057 1564 elegos;
1091 1509 1278 1551 mirabile
1298 1509 1391 1552 visu

358 1576 643 1630 Caelatumque
664 1590 809 1618 novem
833 1576 972 1618 Musis
1001 1592 1118 1633 opus.
1178 1577 1334 1632 Aspice
1353 1578 1547 1634 primum,

356 1646 522 1695 Quanto
543 1658 635 1684 cum
657 1643 781 1694 fastu,
804 1652 958 1699 quanto
977 1644 1186 1686 molimine
1206 1644 1379 1686 circum·
1458 1635 1460 1638 ,

359 1714 598 1767 Spectemus
618 1726 789 1753 vacuam
812 1711 1012 1753 Romanis
1034 1711 1196 1753 vatibus
1217 1712 1360 1753 aedem.

355 1780 460 1820 Mox
480 1779 618 1829 etiam,
641 1779 674 1820 si
695 1779 799 1821 forte
820 1794 954 1830 vacaS,
977 1794 1158 1835 sequere,
1180 1787 1221 1820 et
1240 1779 1383 1834 procul
1403 1780 1499 1821 audi
1613 1784 1673 1826 95

356 1847 468 1898 Quid
487 1846 605 1896 ferat,
626 1855 667 1888 et
687 1861 812 1901 quare
833 1847 909 1888 sibi
930 1855 1067 1888 nectat
1087 1855 1259 1902 uterque
1279 1861 1481 1888 coronam.

355 1914 581 1964 Caedimur,
603 1922 645 1955 et
665 1914 836 1955 totidem
858 1915 992 1969 plagis
1013 1914 1290 1956 consumimus
1309 1913 1485 1964 hostem,

355 1982 492 2022 Lento
516 1981 719 2021 Samnites
739 1981 792 2021 ad
812 1981 969 2022 lumina
989 1982 1122 2035 prima
1141 1981 1291 2022 duello.

355 2048 537 2089 Discedo
558 2047 724 2088 Alcaeus
743 2056 898 2101 puncto
919 2047 1055 2088 illius:
1088 2047 1161 2088 ille
1178 2061 1269 2088 meo
1289 2047 1412 2102 quis?

355 2112 458 2162 Quis
479 2112 556 2152 nisi
581 2111 894 2152 Callimachus?
926 2111 958 2151 si
979 2111 1072 2165 plus
1093 2111 1312 2165 adposcere
1341 2111 1468 2161 visus,
1586 2115 1671 2156 100

355 2180 423 2220 Fit
444 2179 736 2228 Mimnermus,
759 2187 800 2220 et
819 2178 959 2233 optivo
981 2177 1224 2232 cognomine
1245 2178 1402 2219 crescit.

351 2246 493 2288 Multa
511 2246 612 2296 fem,
634 2254 682 2287 ut
701 2246 855 2300 placem
879 2260 1010 2300 genus
1030 2245 1228 2286 irritabile
1248 2254 1404 2296 vatum,

354 2317 460 2356 Cum
482 2313 629 2363 scribo,
651 2322 693 2355 et
713 2313 887 2369 supplex
906 2312 1050 2368 populi
1071 2312 1261 2367 suffragia
1282 2321 1424 2368 capto:

353 2382 488 2431 Idem,
509 2380 637 2421 finitis
650 2376 819 2429 studiis,
841 2389 882 2421 et
903 2389 1040 2421 mente
1060 2389 1238 2435 recepta,

350 2449 550 2491 Obturem
571 2448 733 2502 patulas
753 2448 921 2503 impune
940 2447 1171 2502 legentibus
1192 2462 1322 2489 aures.
1583 2450 1666 2492 105

348 2515 557 2563 Ridentur
578 2514 683 2556 mala
713 2515 784 2570 qui
805 2523 1055 2570 componunt
1075 2515 1277 2557 carmina:
1310 2529 1451 2556 verum

350 2582 548 2625 Gaudent
569 2581 804 2633 scribentes,
827 2591 868 2623 et
888 2598 931 2624 se
951 2590 1210 2630 venerantur,
1233 2590 1274 2623 et
1293 2582 1415 2632 ultro,

350 2643 397 2692 Si
418 2659 568 2698 taceas,
585 2648 755 2689 laudant
775 2649 980 2704 quidquid
1004 2649 1214 2703 scripsere,
1236 2649 1357 2690 beati.

349 2720 405 2760 At
425 2716 495 2773 qui
513 2715 742 2771 legitimum
765 2716 902 2771 cupiet
921 2716 1064 2758 fecisse
1083 2721 1243 2770 poema,
1558 2766 1562 2768 -

349 2790 455 2828 Cum
479 2783 629 2826 tabulis
651 2783 830 2825 animum
854 2783 1030 2826 censoris
1051 2793 1183 2825 sumet
1204 2783 1393 2831 honesti;
1579 2785 1661 2825 110
