<?xml version="1.0" encoding="UTF-8"?>
<!DOCTYPE html PUBLIC "-//W3C//DTD XHTML 1.0 Transitional//EN"
    "http://www.w3.org/TR/xhtml1/DTD/xhtml1-transitional.dtd">
<html xmlns="http://www.w3.org/1999/xhtml" xml:lang="en" lang="en">
 <head>
  <title>
</title>
<meta http-equiv="Content-Type" content="text/html;charset=utf-8" />
  <meta name='ocr-system' content='tesseract 3.04.00' />
  <meta name='ocr-capabilities' content='ocr_page ocr_carea ocr_par ocr_line ocrx_word'/>
</head>
<body>
  <div class='ocr_page' id='page_1' title='image "./horatiusrestitut00horauoft_0251.png"; bbox 0 0 1962 3268; ppageno 0'>
   <div class='ocr_carea' id='block_1_1' title="bbox 0 853 15 907">
    <p class='ocr_par' dir='ltr' id='par_1_1' title="bbox 0 853 15 907">
     <span class='ocr_line' id='line_1_1' title="bbox 0 853 15 907; textangle 90"><span class='ocrx_word' id='word_1_1' title='bbox 0 853 15 907; x_wconf 50' lang='lat'><strong>*555⁵</strong></span> 
     </span>
    </p>
   </div>
   <div class='ocr_carea' id='block_1_2' title="bbox 664 301 1588 347">
    <p class='ocr_par' dir='ltr' id='par_1_2' title="bbox 664 301 1588 347">
     <span class='ocr_line' id='line_1_2' title="bbox 664 301 1588 347; baseline 0.002 -4"><span class='ocrx_word' id='word_1_2' title='bbox 664 315 919 345; x_wconf 63' lang='lat' dir='ltr'><strong>sermonum</strong></span> <span class='ocrx_word' id='word_1_3' title='bbox 954 317 1042 345; x_wconf 75' lang='lat' dir='ltr'><strong>mn.</strong></span> <span class='ocrx_word' id='word_1_4' title='bbox 1073 318 1101 343; x_wconf 87' lang='lat'><strong>1.</strong></span> <span class='ocrx_word' id='word_1_5' title='bbox 1134 302 1174 344; x_wconf 89' lang='lat'><strong>6.</strong></span> <span class='ocrx_word' id='word_1_6' title='bbox 1533 301 1588 347; x_wconf 85' lang='lat'><strong>19</strong></span> 
     </span>
    </p>
   </div>
   <div class='ocr_carea' id='block_1_3' title="bbox 249 415 1587 2234">
    <p class='ocr_par' dir='ltr' id='par_1_3' title="bbox 251 415 1332 472">
     <span class='ocr_line' id='line_1_3' title="bbox 251 415 1332 472; baseline 0 -15"><span class='ocrx_word' id='word_1_7' title='bbox 251 415 472 458; x_wconf 76' lang='lat' dir='ltr'><strong>Ostentare</strong></span> <span class='ocrx_word' id='word_1_8' title='bbox 491 415 609 466; x_wconf 87' lang='lat' dir='ltr'><strong>mihi,</strong></span> <span class='ocrx_word' id='word_1_9' title='bbox 629 430 732 472; x_wconf 81' lang='lat' dir='ltr'><strong>quos</strong></span> <span class='ocrx_word' id='word_1_10' title='bbox 754 417 880 457; x_wconf 77' lang='lat' dir='ltr'><strong>torret</strong></span> <span class='ocrx_word' id='word_1_11' title='bbox 900 415 1107 457; x_wconf 81' lang='lat' dir='ltr'><strong>Atabulus</strong></span> <span class='ocrx_word' id='word_1_12' title='bbox 1124 433 1135 464; x_wconf 93' lang='lat'>;</span> <span class='ocrx_word' id='word_1_13' title='bbox 1169 425 1210 458; x_wconf 89' lang='lat' dir='ltr'><strong>et</strong></span> <span class='ocrx_word' id='word_1_14' title='bbox 1230 430 1332 472; x_wconf 86' lang='lat' dir='ltr'><strong>quos</strong></span> 
     </span>
    </p>

    <p class='ocr_par' dir='ltr' id='par_1_4' title="bbox 252 482 1297 539">
     <span class='ocr_line' id='line_1_4' title="bbox 252 482 1297 539; baseline -0.001 -14"><span class='ocrx_word' id='word_1_15' title='bbox 252 483 478 539; x_wconf 78' lang='lat' dir='ltr'><strong>Nunquam</strong></span> <span class='ocrx_word' id='word_1_16' title='bbox 499 497 749 538; x_wconf 74' lang='lat' dir='ltr'><strong>empsemus,</strong></span> <span class='ocrx_word' id='word_1_17' title='bbox 780 483 860 524; x_wconf 89' lang='lat' dir='ltr'><strong>nisi</strong></span> <span class='ocrx_word' id='word_1_18' title='bbox 880 497 955 524; x_wconf 88' lang='lat' dir='ltr'><strong>nos</strong></span> <span class='ocrx_word' id='word_1_19' title='bbox 975 482 1113 524; x_wconf 84' lang='lat' dir='ltr'><strong>vicina</strong></span> <span class='ocrx_word' id='word_1_20' title='bbox 1134 483 1297 525; x_wconf 90' lang='lat' dir='ltr'><strong>Trivici</strong></span> 
     </span>
    </p>

    <p class='ocr_par' dir='ltr' id='par_1_5' title="bbox 251 549 1585 741">
     <span class='ocr_line' id='line_1_5' title="bbox 253 549 1585 605; baseline -0.001 -13"><span class='ocrx_word' id='word_1_21' title='bbox 253 550 365 592; x_wconf 88' lang='lat' dir='ltr'><strong>Villa</strong></span> <span class='ocrx_word' id='word_1_22' title='bbox 383 549 616 605; x_wconf 84' lang='lat' dir='ltr'>recepisset,</span> <span class='ocrx_word' id='word_1_23' title='bbox 637 550 865 604; x_wconf 88' lang='lat' dir='ltr'><strong>lacrymoso</strong></span> <span class='ocrx_word' id='word_1_24' title='bbox 883 564 967 590; x_wconf 91' lang='lat' dir='ltr'><strong>non</strong></span> <span class='ocrx_word' id='word_1_25' title='bbox 989 549 1077 591; x_wconf 86' lang='lat' dir='ltr'><strong>sine</strong></span> <span class='ocrx_word' id='word_1_26' title='bbox 1096 550 1226 601; x_wconf 86' lang='lat' dir='ltr'><strong>fumo,</strong></span> <span class='ocrx_word' id='word_1_27' title='bbox 1526 551 1585 592; x_wconf 91' lang='grc'><strong>80</strong></span> 
     </span>
     <span class='ocr_line' id='line_1_6' title="bbox 251 616 1565 660; baseline -0.001 0"><span class='ocrx_word' id='word_1_28' title='bbox 251 619 373 660; x_wconf 85' lang='lat' dir='ltr'><strong>Udos</strong></span> <span class='ocrx_word' id='word_1_29' title='bbox 393 632 486 660; x_wconf 87' lang='lat' dir='ltr'><strong>cum</strong></span> <span class='ocrx_word' id='word_1_30' title='bbox 506 616 617 658; x_wconf 86' lang='lat' dir='ltr'><strong>foliis</strong></span> <span class='ocrx_word' id='word_1_31' title='bbox 636 629 772 658; x_wconf 87' lang='lat' dir='ltr'><strong>ramos</strong></span> <span class='ocrx_word' id='word_1_32' title='bbox 791 625 938 659; x_wconf 91' lang='lat' dir='ltr'><strong>urente</strong></span> <span class='ocrx_word' id='word_1_33' title='bbox 958 617 1132 659; x_wconf 87' lang='lat' dir='ltr'><strong>camino.</strong></span> <span class='ocrx_word' id='word_1_34' title='bbox 1563 625 1565 627; x_wconf 82' lang='grc'><strong>’</strong></span> 
     </span>
     <span class='ocr_line' id='line_1_7' title="bbox 251 685 1334 741; baseline -0.001 -14"><span class='ocrx_word' id='word_1_35' title='bbox 251 686 340 727; x_wconf 91' lang='lat' dir='ltr'><strong>Hic</strong></span> <span class='ocrx_word' id='word_1_36' title='bbox 359 700 436 741; x_wconf 85' lang='lat' dir='ltr'><strong>ego</strong></span> <span class='ocrx_word' id='word_1_37' title='bbox 454 685 692 727; x_wconf 89' lang='lat' dir='ltr'><strong>mendacem</strong></span> <span class='ocrx_word' id='word_1_38' title='bbox 715 685 982 727; x_wconf 89' lang='lat' dir='ltr'><strong>stultissimus</strong></span> <span class='ocrx_word' id='word_1_39' title='bbox 1003 699 1133 741; x_wconf 92' lang='lat' dir='ltr'><strong>usque</strong></span> <span class='ocrx_word' id='word_1_40' title='bbox 1153 685 1334 740; x_wconf 87' lang='lat' dir='ltr'>puellam</span> 
     </span>
    </p>

    <p class='ocr_par' dir='ltr' id='par_1_6' title="bbox 249 752 1579 1012">
     <span class='ocr_line' id='line_1_8' title="bbox 250 752 1444 809; baseline 0 -13"><span class='ocrx_word' id='word_1_41' title='bbox 250 753 320 796; x_wconf 82' lang='lat' dir='ltr'><strong>Ad</strong></span> <span class='ocrx_word' id='word_1_42' title='bbox 333 752 510 795; x_wconf 88' lang='lat' dir='ltr'><strong>mediam</strong></span> <span class='ocrx_word' id='word_1_43' title='bbox 531 760 693 794; x_wconf 89' lang='lat' dir='ltr'><strong>noctem</strong></span> <span class='ocrx_word' id='word_1_44' title='bbox 715 762 930 809; x_wconf 82' lang='lat' dir='ltr'><strong>exspecto:</strong></span> <span class='ocrx_word' id='word_1_45' title='bbox 965 768 1132 795; x_wconf 88' lang='lat' dir='ltr'>somnus</span> <span class='ocrx_word' id='word_1_46' title='bbox 1152 762 1289 795; x_wconf 85' lang='lat' dir='ltr'><strong>tamen</strong></span> <span class='ocrx_word' id='word_1_47' title='bbox 1310 754 1444 796; x_wconf 85' lang='lat' dir='ltr'>aufert</span> 
     </span>
     <span class='ocr_line' id='line_1_9' title="bbox 250 820 1311 870; baseline 0 -7"><span class='ocrx_word' id='word_1_48' title='bbox 250 821 464 864; x_wconf 83' lang='lat' dir='ltr'><strong>Intentum</strong></span> <span class='ocrx_word' id='word_1_49' title='bbox 486 820 662 870; x_wconf 78' lang='lat' dir='ltr'><strong>Veneri3</strong></span> <span class='ocrx_word' id='word_1_50' title='bbox 695 828 783 862; x_wconf 90' lang='lat' dir='ltr'><strong>tum</strong></span> <span class='ocrx_word' id='word_1_51' title='bbox 804 821 1019 864; x_wconf 88' lang='lat' dir='ltr'><strong>immundo</strong></span> <span class='ocrx_word' id='word_1_52' title='bbox 1040 822 1198 864; x_wconf 88' lang='lat' dir='ltr'><strong>somnia</strong></span> <span class='ocrx_word' id='word_1_53' title='bbox 1218 822 1311 863; x_wconf 87' lang='lat' dir='ltr'><strong>visu</strong></span> 
     </span>
     <span class='ocr_line' id='line_1_10' title="bbox 249 889 1579 946; baseline 0.002 -15"><span class='ocrx_word' id='word_1_54' title='bbox 249 890 507 932; x_wconf 85' lang='lat' dir='ltr'><strong>Nocturnam</strong></span> <span class='ocrx_word' id='word_1_55' title='bbox 527 896 683 930; x_wconf 88' lang='lat' dir='ltr'><strong>vestem</strong></span> <span class='ocrx_word' id='word_1_56' title='bbox 703 889 927 939; x_wconf 86' lang='lat' dir='ltr'><strong>maculant,</strong></span> <span class='ocrx_word' id='word_1_57' title='bbox 949 899 1216 946; x_wconf 87' lang='lat' dir='ltr'><strong>ventremque</strong></span> <span class='ocrx_word' id='word_1_58' title='bbox 1236 891 1444 945; x_wconf 89' lang='lat' dir='ltr'><strong>supinum.</strong></span> <span class='ocrx_word' id='word_1_59' title='bbox 1523 893 1579 933; x_wconf 88' lang='lat'><strong>85</strong></span> 
     </span>
     <span class='ocr_line' id='line_1_11' title="bbox 249 956 1338 1012; baseline 0.001 -14"><span class='ocrx_word' id='word_1_60' title='bbox 249 957 458 1008; x_wconf 82' lang='lat' dir='ltr'><strong>Quattuor</strong></span> <span class='ocrx_word' id='word_1_61' title='bbox 476 956 576 998; x_wconf 89' lang='lat' dir='ltr'><strong>hinc</strong></span> <span class='ocrx_word' id='word_1_62' title='bbox 595 956 779 1012; x_wconf 81' lang='lat' dir='ltr'><strong>rapimur</strong></span> <span class='ocrx_word' id='word_1_63' title='bbox 801 956 951 1012; x_wconf 86' lang='lat' dir='ltr'><strong>viginti</strong></span> <span class='ocrx_word' id='word_1_64' title='bbox 972 966 1013 999; x_wconf 89' lang='lat' dir='ltr'><strong>et</strong></span> <span class='ocrx_word' id='word_1_65' title='bbox 1033 958 1165 1000; x_wconf 91' lang='lat' dir='ltr'><strong>millia</strong></span> <span class='ocrx_word' id='word_1_66' title='bbox 1183 957 1338 1009; x_wconf 87' lang='lat' dir='ltr'><strong>rhedis,</strong></span> 
     </span>
    </p>

    <p class='ocr_par' dir='ltr' id='par_1_7' title="bbox 250 1024 1288 1080">
     <span class='ocr_line' id='line_1_12' title="bbox 250 1024 1288 1080; baseline 0.001 -14"><span class='ocrx_word' id='word_1_67' title='bbox 250 1025 443 1067; x_wconf 83' lang='lat' dir='ltr'><strong>Mansuri</strong></span> <span class='ocrx_word' id='word_1_68' title='bbox 463 1024 661 1080; x_wconf 90' lang='lat' dir='ltr'><strong>oppidulo</strong></span> <span class='ocrx_word' id='word_1_69' title='bbox 681 1025 792 1080; x_wconf 89' lang='lat' dir='ltr'><strong>quod</strong></span> <span class='ocrx_word' id='word_1_70' title='bbox 814 1039 935 1067; x_wconf 89' lang='lat' dir='ltr'><strong>versu</strong></span> <span class='ocrx_word' id='word_1_71' title='bbox 954 1025 1090 1067; x_wconf 87' lang='lat' dir='ltr'><strong>dicere</strong></span> <span class='ocrx_word' id='word_1_72' title='bbox 1110 1040 1192 1067; x_wconf 90' lang='lat' dir='ltr'><strong>non</strong></span> <span class='ocrx_word' id='word_1_73' title='bbox 1213 1035 1288 1076; x_wconf 87' lang='lat' dir='ltr'><strong>est,</strong></span> 
     </span>
    </p>

    <p class='ocr_par' dir='ltr' id='par_1_8' title="bbox 252 1092 1232 1148">
     <span class='ocr_line' id='line_1_13' title="bbox 252 1092 1232 1148; baseline 0.001 -14"><span class='ocrx_word' id='word_1_74' title='bbox 252 1092 393 1148; x_wconf 88' lang='lat' dir='ltr'><strong>Signis</strong></span> <span class='ocrx_word' id='word_1_75' title='bbox 412 1092 607 1148; x_wconf 86' lang='lat' dir='ltr'><strong>perfacile</strong></span> <span class='ocrx_word' id='word_1_76' title='bbox 626 1100 710 1134; x_wconf 87' lang='lat' dir='ltr'><strong>est:</strong></span> <span class='ocrx_word' id='word_1_77' title='bbox 745 1092 859 1134; x_wconf 85' lang='lat' dir='ltr'><strong>venit</strong></span> <span class='ocrx_word' id='word_1_78' title='bbox 880 1093 1078 1136; x_wconf 91' lang='lat' dir='ltr'><strong>vilissima</strong></span> <span class='ocrx_word' id='word_1_79' title='bbox 1098 1109 1232 1136; x_wconf 87' lang='lat' dir='ltr'><strong>rerum</strong></span> 
     </span>
    </p>

    <p class='ocr_par' dir='ltr' id='par_1_9' title="bbox 254 1159 1346 1216">
     <span class='ocr_line' id='line_1_14' title="bbox 254 1159 1346 1216; baseline 0.002 -14"><span class='ocrx_word' id='word_1_80' title='bbox 254 1160 340 1202; x_wconf 91' lang='lat' dir='ltr'><strong>Hic</strong></span> <span class='ocrx_word' id='word_1_81' title='bbox 359 1175 490 1216; x_wconf 80' lang='lat' dir='ltr'><strong>aqua3</strong></span> <span class='ocrx_word' id='word_1_82' title='bbox 524 1160 595 1201; x_wconf 91' lang='lat' dir='ltr'><strong>sed</strong></span> <span class='ocrx_word' id='word_1_83' title='bbox 616 1159 735 1215; x_wconf 91' lang='lat' dir='ltr'><strong>panis</strong></span> <span class='ocrx_word' id='word_1_84' title='bbox 754 1159 877 1215; x_wconf 91' lang='lat' dir='ltr'><strong>longe</strong></span> <span class='ocrx_word' id='word_1_85' title='bbox 897 1161 1214 1215; x_wconf 88' lang='lat' dir='ltr'><strong>pulcherrimus,</strong></span> <span class='ocrx_word' id='word_1_86' title='bbox 1236 1163 1346 1204; x_wconf 87' lang='lat' dir='ltr'><strong>ultra</strong></span> 
     </span>
    </p>

    <p class='ocr_par' dir='ltr' id='par_1_10' title="bbox 252 1227 1584 1350">
     <span class='ocr_line' id='line_1_15' title="bbox 252 1227 1584 1282; baseline 0.001 -12"><span class='ocrx_word' id='word_1_87' title='bbox 252 1227 443 1270; x_wconf 82' lang='lat' dir='ltr'><strong>Callidus</strong></span> <span class='ocrx_word' id='word_1_88' title='bbox 461 1236 512 1270; x_wconf 69' lang='lat' dir='ltr'><strong>ut,</strong></span> <span class='ocrx_word' id='word_1_89' title='bbox 529 1227 658 1268; x_wconf 88' lang='lat' dir='ltr'><strong>soleat</strong></span> <span class='ocrx_word' id='word_1_90' title='bbox 677 1227 861 1269; x_wconf 88' lang='lat' dir='ltr'><strong>humeris</strong></span> <span class='ocrx_word' id='word_1_91' title='bbox 881 1237 1044 1282; x_wconf 86' lang='lat' dir='ltr'><strong>portare</strong></span> <span class='ocrx_word' id='word_1_92' title='bbox 1064 1229 1211 1280; x_wconf 87' lang='lat' dir='ltr'><strong>viator,</strong></span> <span class='ocrx_word' id='word_1_93' title='bbox 1527 1232 1584 1274; x_wconf 90' lang='lat'><strong>90</strong></span> 
     </span>
     <span class='ocr_line' id='line_1_16' title="bbox 252 1293 1346 1350; baseline 0.003 -14"><span class='ocrx_word' id='word_1_94' title='bbox 252 1293 363 1338; x_wconf 89' lang='lat' dir='ltr'><strong>Nam</strong></span> <span class='ocrx_word' id='word_1_95' title='bbox 385 1295 543 1338; x_wconf 79' lang='lat' dir='ltr'><strong>Canusi</strong></span> <span class='ocrx_word' id='word_1_96' title='bbox 561 1295 798 1350; x_wconf 87' lang='lat' dir='ltr'><strong>lapidosus;</strong></span> <span class='ocrx_word' id='word_1_97' title='bbox 828 1310 946 1350; x_wconf 87' lang='lat' dir='ltr'><strong>aquae</strong></span> <span class='ocrx_word' id='word_1_98' title='bbox 967 1310 1049 1336; x_wconf 91' lang='lat' dir='ltr'><strong>non</strong></span> <span class='ocrx_word' id='word_1_99' title='bbox 1071 1297 1196 1338; x_wconf 90' lang='lat' dir='ltr'><strong>ditior</strong></span> <span class='ocrx_word' id='word_1_100' title='bbox 1217 1312 1320 1339; x_wconf 87' lang='lat' dir='ltr'><strong>urna</strong></span> <span class='ocrx_word' id='word_1_101' title='bbox 1338 1314 1346 1338; x_wconf 78' lang='grc' dir='ltr'>ε</span> 
     </span>
    </p>

    <p class='ocr_par' dir='ltr' id='par_1_11' title="bbox 251 1362 1282 1416">
     <span class='ocr_line' id='line_1_17' title="bbox 251 1362 1282 1416; baseline 0.001 -11"><span class='ocrx_word' id='word_1_102' title='bbox 251 1363 337 1416; x_wconf 83' lang='lat' dir='ltr'><strong>Qui</strong></span> <span class='ocrx_word' id='word_1_103' title='bbox 355 1363 472 1405; x_wconf 91' lang='lat' dir='ltr'><strong>locus</strong></span> <span class='ocrx_word' id='word_1_104' title='bbox 491 1378 516 1405; x_wconf 90' lang='lat' dir='ltr'><strong>a</strong></span> <span class='ocrx_word' id='word_1_105' title='bbox 533 1362 631 1404; x_wconf 85' lang='lat' dir='ltr'><strong>forti</strong></span> <span class='ocrx_word' id='word_1_106' title='bbox 652 1362 857 1404; x_wconf 89' lang='lat' dir='ltr'><strong>Diomede</strong></span> <span class='ocrx_word' id='word_1_107' title='bbox 877 1373 939 1404; x_wconf 89' lang='lat' dir='ltr'><strong>est</strong></span> <span class='ocrx_word' id='word_1_108' title='bbox 959 1364 1150 1406; x_wconf 88' lang='lat' dir='ltr'><strong>conditus</strong></span> <span class='ocrx_word' id='word_1_109' title='bbox 1170 1365 1282 1406; x_wconf 91' lang='lat' dir='ltr'><strong>olim.</strong></span> 
     </span>
    </p>

    <p class='ocr_par' dir='ltr' id='par_1_12' title="bbox 251 1430 1295 1475">
     <span class='ocr_line' id='line_1_18' title="bbox 251 1430 1295 1475; baseline 0.001 -1"><span class='ocrx_word' id='word_1_110' title='bbox 251 1431 473 1474; x_wconf 87' lang='lat' dir='ltr'><strong>Flentibus</strong></span> <span class='ocrx_word' id='word_1_111' title='bbox 491 1430 562 1472; x_wconf 90' lang='lat' dir='ltr'><strong>hic</strong></span> <span class='ocrx_word' id='word_1_112' title='bbox 583 1430 732 1472; x_wconf 83' lang='lat' dir='ltr'><strong>Varius</strong></span> <span class='ocrx_word' id='word_1_113' title='bbox 752 1430 929 1473; x_wconf 87' lang='lat' dir='ltr'><strong>discedit</strong></span> <span class='ocrx_word' id='word_1_114' title='bbox 950 1440 1122 1474; x_wconf 88' lang='lat' dir='ltr'><strong>moestus</strong></span> <span class='ocrx_word' id='word_1_115' title='bbox 1143 1433 1295 1475; x_wconf 87' lang='lat' dir='ltr'><strong>amicis.</strong></span> 
     </span>
    </p>

    <p class='ocr_par' dir='ltr' id='par_1_13' title="bbox 254 1498 1300 1556">
     <span class='ocr_line' id='line_1_19' title="bbox 254 1498 1300 1556; baseline 0.001 -14"><span class='ocrx_word' id='word_1_116' title='bbox 254 1499 363 1542; x_wconf 89' lang='lat' dir='ltr'><strong>Inde</strong></span> <span class='ocrx_word' id='word_1_117' title='bbox 384 1499 530 1541; x_wconf 85' lang='lat' dir='ltr'><strong>Rubos</strong></span> <span class='ocrx_word' id='word_1_118' title='bbox 549 1498 647 1540; x_wconf 86' lang='lat' dir='ltr'><strong>fessi</strong></span> <span class='ocrx_word' id='word_1_119' title='bbox 667 1499 945 1554; x_wconf 88' lang='lat' dir='ltr'><strong>pervenimus,</strong></span> <span class='ocrx_word' id='word_1_120' title='bbox 966 1508 1110 1555; x_wconf 84' lang='lat' dir='ltr'><strong>utpote</strong></span> <span class='ocrx_word' id='word_1_121' title='bbox 1130 1501 1300 1556; x_wconf 89' lang='lat' dir='ltr'><strong>longum</strong></span> 
     </span>
    </p>

    <p class='ocr_par' dir='ltr' id='par_1_14' title="bbox 254 1566 1584 1692">
     <span class='ocr_line' id='line_1_20' title="bbox 254 1566 1584 1623; baseline 0.002 -14"><span class='ocrx_word' id='word_1_122' title='bbox 254 1568 483 1623; x_wconf 83' lang='lat' dir='ltr'><strong>carpentes</strong></span> <span class='ocrx_word' id='word_1_123' title='bbox 502 1566 596 1618; x_wconf 89' lang='lat' dir='ltr'><strong>iter,</strong></span> <span class='ocrx_word' id='word_1_124' title='bbox 617 1575 659 1608; x_wconf 87' lang='lat' dir='ltr'><strong>et</strong></span> <span class='ocrx_word' id='word_1_125' title='bbox 677 1566 832 1607; x_wconf 83' lang='lat' dir='ltr'><strong>factum</strong></span> <span class='ocrx_word' id='word_1_126' title='bbox 855 1568 1087 1623; x_wconf 87' lang='lat' dir='ltr'><strong>corruptius</strong></span> <span class='ocrx_word' id='word_1_127' title='bbox 1107 1568 1242 1610; x_wconf 90' lang='lat' dir='ltr'><strong>imbri.</strong></span> <span class='ocrx_word' id='word_1_128' title='bbox 1527 1572 1584 1615; x_wconf 88' lang='lat'><strong>95</strong></span> 
     </span>
     <span class='ocr_line' id='line_1_21' title="bbox 255 1633 1298 1692; baseline 0.002 -16"><span class='ocrx_word' id='word_1_129' title='bbox 255 1635 430 1676; x_wconf 83' lang='lat' dir='ltr'><strong>Postera</strong></span> <span class='ocrx_word' id='word_1_130' title='bbox 450 1642 670 1690; x_wconf 84' lang='lat' dir='ltr'><strong>tempestas</strong></span> <span class='ocrx_word' id='word_1_131' title='bbox 691 1633 859 1682; x_wconf 88' lang='lat' dir='ltr'><strong>melior;</strong></span> <span class='ocrx_word' id='word_1_132' title='bbox 893 1634 961 1676; x_wconf 88' lang='lat' dir='ltr'><strong>via</strong></span> <span class='ocrx_word' id='word_1_133' title='bbox 980 1635 1096 1691; x_wconf 87' lang='lat' dir='ltr'><strong>pejor</strong></span> <span class='ocrx_word' id='word_1_134' title='bbox 1114 1636 1298 1692; x_wconf 87' lang='lat' dir='ltr'><strong>adusque</strong></span> 
     </span>
    </p>

    <p class='ocr_par' dir='ltr' id='par_1_15' title="bbox 255 1701 1291 1759">
     <span class='ocr_line' id='line_1_22' title="bbox 255 1701 1291 1759; baseline 0.002 -15"><span class='ocrx_word' id='word_1_135' title='bbox 255 1701 358 1744; x_wconf 78' lang='lat' dir='ltr'><strong>Bari</strong></span> <span class='ocrx_word' id='word_1_136' title='bbox 377 1701 531 1743; x_wconf 89' lang='lat' dir='ltr'><strong>moenia</strong></span> <span class='ocrx_word' id='word_1_137' title='bbox 549 1701 723 1757; x_wconf 85' lang='lat' dir='ltr'><strong>piscosi:</strong></span> <span class='ocrx_word' id='word_1_138' title='bbox 756 1701 908 1744; x_wconf 91' lang='lat' dir='ltr'><strong>dehinc</strong></span> <span class='ocrx_word' id='word_1_139' title='bbox 923 1701 1089 1749; x_wconf 77' lang='lat' dir='ltr'><strong>,Gnatia</strong></span> <span class='ocrx_word' id='word_1_140' title='bbox 1108 1704 1291 1759; x_wconf 91' lang='lat' dir='ltr'><strong>lymphis</strong></span> 
     </span>
    </p>

    <p class='ocr_par' dir='ltr' id='par_1_16' title="bbox 256 1769 1169 1827">
     <span class='ocr_line' id='line_1_23' title="bbox 256 1769 1169 1827; baseline 0.001 -15"><span class='ocrx_word' id='word_1_141' title='bbox 256 1769 383 1812; x_wconf 88' lang='lat' dir='ltr'><strong>Iratis</strong></span> <span class='ocrx_word' id='word_1_142' title='bbox 402 1777 590 1811; x_wconf 86' lang='lat' dir='ltr'><strong>extructa</strong></span> <span class='ocrx_word' id='word_1_143' title='bbox 609 1769 725 1811; x_wconf 89' lang='lat' dir='ltr'><strong>dedit</strong></span> <span class='ocrx_word' id='word_1_144' title='bbox 744 1769 932 1825; x_wconf 90' lang='lat' dir='ltr'><strong>risusque</strong></span> <span class='ocrx_word' id='word_1_145' title='bbox 945 1770 1169 1827; x_wconf 90' lang='lat' dir='ltr'><strong>jocosque;</strong></span> 
     </span>
    </p>

    <p class='ocr_par' dir='ltr' id='par_1_17' title="bbox 253 1835 1587 2097">
     <span class='ocr_line' id='line_1_24' title="bbox 253 1835 1318 1893; baseline 0.003 -14"><span class='ocrx_word' id='word_1_146' title='bbox 253 1837 371 1880; x_wconf 89' lang='lat' dir='ltr'><strong>Dum</strong></span> <span class='ocrx_word' id='word_1_147' title='bbox 390 1835 556 1879; x_wconf 89' lang='lat' dir='ltr'><strong>flamma</strong></span> <span class='ocrx_word' id='word_1_148' title='bbox 576 1836 665 1878; x_wconf 88' lang='lat' dir='ltr'><strong>sine</strong></span> <span class='ocrx_word' id='word_1_149' title='bbox 685 1845 779 1879; x_wconf 86' lang='lat' dir='ltr'><strong>tura</strong></span> <span class='ocrx_word' id='word_1_150' title='bbox 797 1837 1022 1893; x_wconf 88' lang='lat' dir='ltr'><strong>liquescere</strong></span> <span class='ocrx_word' id='word_1_151' title='bbox 1041 1838 1184 1881; x_wconf 89' lang='lat' dir='ltr'><strong>limine</strong></span> <span class='ocrx_word' id='word_1_152' title='bbox 1204 1854 1318 1882; x_wconf 86' lang='lat' dir='ltr'><strong>sacro</strong></span> 
     </span>
     <span class='ocr_line' id='line_1_25' title="bbox 254 1904 1587 1962; baseline 0.003 -15"><span class='ocrx_word' id='word_1_153' title='bbox 254 1905 511 1948; x_wconf 80' lang='lat' dir='ltr'><strong>Persuadere</strong></span> <span class='ocrx_word' id='word_1_154' title='bbox 531 1904 670 1960; x_wconf 90' lang='lat' dir='ltr'><strong>cupit:</strong></span> <span class='ocrx_word' id='word_1_155' title='bbox 703 1905 844 1947; x_wconf 85' lang='lat' dir='ltr'><strong>credat</strong></span> <span class='ocrx_word' id='word_1_156' title='bbox 863 1907 895 1947; x_wconf 82' lang='lat' dir='ltr'>J</span> <span class='ocrx_word' id='word_1_157' title='bbox 897 1906 1042 1948; x_wconf 88' lang='lat' dir='ltr'><strong>udaeus</strong></span> <span class='ocrx_word' id='word_1_158' title='bbox 1062 1907 1242 1962; x_wconf 88' lang='lat' dir='ltr'><strong>Apella;</strong></span> <span class='ocrx_word' id='word_1_159' title='bbox 1503 1910 1587 1951; x_wconf 90' lang='lat'><strong>100</strong></span> 
     </span>
     <span class='ocr_line' id='line_1_26' title="bbox 254 1973 1505 2031; baseline 0.003 -17"><span class='ocrx_word' id='word_1_160' title='bbox 254 1973 359 2015; x_wconf 88' lang='lat' dir='ltr'><strong>Non</strong></span> <span class='ocrx_word' id='word_1_161' title='bbox 374 1987 478 2028; x_wconf 85' lang='lat' dir='ltr'><strong>ego:</strong></span> <span class='ocrx_word' id='word_1_162' title='bbox 511 1987 688 2028; x_wconf 90' lang='lat' dir='ltr'><strong>namque</strong></span> <span class='ocrx_word' id='word_1_163' title='bbox 707 1974 822 2015; x_wconf 91' lang='lat' dir='ltr'><strong>Deos</strong></span> <span class='ocrx_word' id='word_1_164' title='bbox 843 1973 971 2015; x_wconf 88' lang='lat' dir='ltr'><strong>didici</strong></span> <span class='ocrx_word' id='word_1_165' title='bbox 993 1989 1179 2016; x_wconf 90' lang='lat' dir='ltr'><strong>securum</strong></span> <span class='ocrx_word' id='word_1_166' title='bbox 1201 1990 1323 2031; x_wconf 88' lang='lat' dir='ltr'><strong>agere</strong></span> <span class='ocrx_word' id='word_1_167' title='bbox 1343 1991 1476 2018; x_wconf 88' lang='lat' dir='ltr'><strong>aevum</strong></span> <span class='ocrx_word' id='word_1_168' title='bbox 1494 1994 1505 2025; x_wconf 88' lang='lat'>;</span> 
     </span>
     <span class='ocr_line' id='line_1_27' title="bbox 255 2040 1148 2097; baseline 0.002 -15"><span class='ocrx_word' id='word_1_169' title='bbox 255 2041 348 2083; x_wconf 90' lang='lat' dir='ltr'><strong>Nec</strong></span> <span class='ocrx_word' id='word_1_170' title='bbox 368 2040 506 2097; x_wconf 88' lang='lat' dir='ltr'><strong>siquid</strong></span> <span class='ocrx_word' id='word_1_171' title='bbox 525 2040 618 2082; x_wconf 86' lang='lat' dir='ltr'><strong>miri</strong></span> <span class='ocrx_word' id='word_1_172' title='bbox 639 2041 763 2083; x_wconf 87' lang='lat' dir='ltr'><strong>faciat</strong></span> <span class='ocrx_word' id='word_1_173' title='bbox 784 2049 945 2092; x_wconf 86' lang='lat' dir='ltr'><strong>natura,</strong></span> <span class='ocrx_word' id='word_1_174' title='bbox 969 2043 1083 2084; x_wconf 89' lang='lat' dir='ltr'><strong>Deos</strong></span> <span class='ocrx_word' id='word_1_175' title='bbox 1102 2042 1148 2084; x_wconf 91' lang='lat' dir='ltr'><strong>id</strong></span> 
     </span>
    </p>

    <p class='ocr_par' dir='ltr' id='par_1_18' title="bbox 257 2108 1092 2152">
     <span class='ocr_line' id='line_1_28' title="bbox 257 2108 1092 2152; baseline 0.002 -2"><span class='ocrx_word' id='word_1_176' title='bbox 257 2108 422 2151; x_wconf 87' lang='lat' dir='ltr'><strong>Tristes</strong></span> <span class='ocrx_word' id='word_1_177' title='bbox 440 2124 492 2151; x_wconf 87' lang='lat' dir='ltr'><strong>ex</strong></span> <span class='ocrx_word' id='word_1_178' title='bbox 512 2108 596 2150; x_wconf 90' lang='lat' dir='ltr'><strong>alto</strong></span> <span class='ocrx_word' id='word_1_179' title='bbox 617 2108 713 2150; x_wconf 90' lang='lat' dir='ltr'><strong>coeli</strong></span> <span class='ocrx_word' id='word_1_180' title='bbox 733 2109 950 2152; x_wconf 89' lang='lat' dir='ltr'><strong>demittere</strong></span> <span class='ocrx_word' id='word_1_181' title='bbox 971 2118 1092 2152; x_wconf 89' lang='lat' dir='ltr'><strong>tecto.</strong></span> 
     </span>
    </p>

    <p class='ocr_par' dir='ltr' id='par_1_19' title="bbox 257 2175 1259 2234">
     <span class='ocr_line' id='line_1_29' title="bbox 257 2175 1259 2234; baseline 0.003 -18"><span class='ocrx_word' id='word_1_182' title='bbox 257 2175 542 2218; x_wconf 88' lang='lat' dir='ltr'><strong>Brundusium</strong></span> <span class='ocrx_word' id='word_1_183' title='bbox 562 2175 698 2231; x_wconf 90' lang='lat' dir='ltr'><strong>longae</strong></span> <span class='ocrx_word' id='word_1_184' title='bbox 717 2176 812 2217; x_wconf 87' lang='lat' dir='ltr'><strong>finis</strong></span> <span class='ocrx_word' id='word_1_185' title='bbox 832 2177 1065 2233; x_wconf 85' lang='lat' dir='ltr'><strong>chartaeque</strong></span> <span class='ocrx_word' id='word_1_186' title='bbox 1086 2179 1259 2234; x_wconf 86' lang='lat' dir='ltr'><strong>viaeque.</strong></span> 
     </span>
    </p>
   </div>
   <div class='ocr_carea' id='block_1_4' title="bbox 753 2447 1093 2491">
    <p class='ocr_par' dir='ltr' id='par_1_20' title="bbox 753 2447 1093 2491">
     <span class='ocr_line' id='line_1_30' title="bbox 753 2447 1093 2491; baseline 0.003 -3"><span class='ocrx_word' id='word_1_187' title='bbox 753 2447 996 2490; x_wconf 87' lang='lat' dir='ltr'><strong>SATIRA·</strong></span> <span class='ocrx_word' id='word_1_188' title='bbox 1015 2449 1093 2491; x_wconf 90' lang='lat' dir='ltr'><strong>VI.</strong></span> 
     </span>
    </p>
   </div>
   <div class='ocr_carea' id='block_1_5' title="bbox 259 2570 1473 2697">
    <p class='ocr_par' dir='ltr' id='par_1_21' title="bbox 259 2570 1473 2697">
     <span class='ocr_line' id='line_1_31' title="bbox 259 2570 1473 2632; baseline 0.01 -21"><span class='ocrx_word' id='word_1_189' title='bbox 259 2572 302 2614; x_wconf 94' lang='lat' dir='ltr'>N</span> <span class='ocrx_word' id='word_1_190' title='bbox 305 2584 380 2622; x_wconf 69' lang='lat' dir='ltr'><strong>on,</strong></span> <span class='ocrx_word' id='word_1_191' title='bbox 401 2570 512 2626; x_wconf 87' lang='lat' dir='ltr'><strong>quia,</strong></span> <span class='ocrx_word' id='word_1_192' title='bbox 535 2570 761 2624; x_wconf 73' lang='lat' dir='ltr'><strong>Maecenas,</strong></span> <span class='ocrx_word' id='word_1_193' title='bbox 785 2573 1002 2629; x_wconf 87' lang='lat' dir='ltr'><strong>Lydorum</strong></span> <span class='ocrx_word' id='word_1_194' title='bbox 1024 2575 1222 2632; x_wconf 91' lang='lat' dir='ltr'><strong>quicquid</strong></span> <span class='ocrx_word' id='word_1_195' title='bbox 1243 2579 1473 2623; x_wconf 88' lang='lat' dir='ltr'><strong>Hetruscos</strong></span> 
     </span>
     <span class='ocr_line' id='line_1_32' title="bbox 261 2639 1147 2697; baseline 0.005 -15"><span class='ocrx_word' id='word_1_196' title='bbox 261 2639 446 2682; x_wconf 90' lang='lat' dir='ltr'><strong>Incoluit</strong></span> <span class='ocrx_word' id='word_1_197' title='bbox 463 2639 582 2691; x_wconf 90' lang='lat' dir='ltr'><strong>fines,</strong></span> <span class='ocrx_word' id='word_1_198' title='bbox 603 2655 724 2682; x_wconf 91' lang='lat' dir='ltr'><strong>nemo</strong></span> <span class='ocrx_word' id='word_1_199' title='bbox 744 2642 980 2697; x_wconf 89' lang='lat' dir='ltr'><strong>generosior</strong></span> <span class='ocrx_word' id='word_1_200' title='bbox 999 2652 1061 2685; x_wconf 89' lang='lat' dir='ltr'><strong>est</strong></span> <span class='ocrx_word' id='word_1_201' title='bbox 1080 2652 1147 2696; x_wconf 81' lang='lat' dir='ltr'><strong>te3</strong></span> 
     </span>
    </p>
   </div>
   <div class='ocr_carea' id='block_1_6' title="bbox 260 2708 1434 2892">
    <p class='ocr_par' dir='ltr' id='par_1_22' title="bbox 260 2708 1434 2892">
     <span class='ocr_line' id='line_1_33' title="bbox 260 2708 1434 2769; baseline 0.006 -18"><span class='ocrx_word' id='word_1_202' title='bbox 260 2709 366 2760; x_wconf 88' lang='lat' dir='ltr'><strong>Nec,</strong></span> <span class='ocrx_word' id='word_1_203' title='bbox 387 2708 499 2765; x_wconf 91' lang='lat' dir='ltr'><strong>quod</strong></span> <span class='ocrx_word' id='word_1_204' title='bbox 518 2722 620 2750; x_wconf 84' lang='lat' dir='ltr'><strong>avus</strong></span> <span class='ocrx_word' id='word_1_205' title='bbox 639 2709 715 2752; x_wconf 90' lang='lat' dir='ltr'><strong>tibi</strong></span> <span class='ocrx_word' id='word_1_206' title='bbox 735 2719 944 2753; x_wconf 90' lang='lat' dir='ltr'><strong>maternus</strong></span> <span class='ocrx_word' id='word_1_207' title='bbox 962 2711 1058 2763; x_wconf 88' lang='lat' dir='ltr'><strong>fuit,</strong></span> <span class='ocrx_word' id='word_1_208' title='bbox 1080 2720 1203 2769; x_wconf 89' lang='lat' dir='ltr'><strong>atque</strong></span> <span class='ocrx_word' id='word_1_209' title='bbox 1223 2723 1434 2769; x_wconf 86' lang='lat' dir='ltr'><strong>paternus,</strong></span> 
     </span>
     <span class='ocr_line' id='line_1_34' title="bbox 261 2776 1230 2834; baseline 0.005 -16"><span class='ocrx_word' id='word_1_210' title='bbox 261 2776 375 2819; x_wconf 89' lang='lat' dir='ltr'><strong>Olim</strong></span> <span class='ocrx_word' id='word_1_211' title='bbox 396 2776 468 2832; x_wconf 90' lang='lat' dir='ltr'><strong>qui</strong></span> <span class='ocrx_word' id='word_1_212' title='bbox 489 2776 649 2831; x_wconf 87' lang='lat' dir='ltr'><strong>magnis</strong></span> <span class='ocrx_word' id='word_1_213' title='bbox 670 2777 902 2833; x_wconf 85' lang='lat' dir='ltr'><strong>legionibus</strong></span> <span class='ocrx_word' id='word_1_214' title='bbox 921 2779 1230 2834; x_wconf 87' lang='lat' dir='ltr'><strong>imperitarent;</strong></span> 
     </span>
     <span class='ocr_line' id='line_1_35' title="bbox 1340 2854 1423 2892; baseline 0 0"><span class='ocrx_word' id='word_1_215' title='bbox 1340 2865 1362 2892; x_wconf 87' lang='lat' dir='ltr'><strong>c</strong></span> <span class='ocrx_word' id='word_1_216' title='bbox 1395 2854 1423 2892; x_wconf 85' lang='grc'><em>2</em></span> 
     </span>
    </p>
   </div>
  </div>
 </body>
</html>
