1962 3268
637 332 961 361 EszTOLARUM
995 332 1085 360 mn.
1117 331 1147 358 1.
1179 318 1250 361 15.
1509 315 1595 371 187

262 425 419 490 Meque
439 440 481 475 et
503 440 564 474 te:
596 439 706 483 nam,
727 445 824 488 quae
843 433 1006 474 deserta
1026 440 1067 474 ct
1087 431 1298 488 inhospita
1318 440 1462 488 tesqua

263 502 428 554 Credis,
450 515 613 546 amoena
633 508 754 541 vocat
775 515 935 541 mecum
958 500 1027 555 qui
1051 500 1192 551 sentit,
1215 509 1256 542 et
1277 500 1365 541 odit
1541 501 1598 542 20

261 570 368 620 Quae
388 577 436 611 tu
455 567 630 623 pulchra
650 575 787 622 putas.
848 567 1007 608 Fornix
1029 567 1103 609 tibi
1125 576 1166 609 et
1185 577 1311 610 uncta
1326 569 1484 623 popina

261 637 484 678 Incutiunt
504 635 617 678 urbis
638 635 905 686 desiderium,
928 635 1050 676 video
1068 650 1079 685 ;
1110 644 1151 676 et
1170 635 1282 690 quod

258 703 460 760 Angulus
481 703 560 745 iste
579 703 684 745 feret
703 703 823 758 piper
843 710 885 744 et
905 711 973 744 tus
993 702 1107 744 ocius
1128 716 1209 743 uva
1226 717 1238 750 ;

259 771 353 814 Nec
373 771 512 814 vicina
532 772 673 814 subest
693 771 837 812 vinum
858 771 1043 826 praebere
1063 771 1234 812 taberna

261 842 368 893 Quae
387 841 518 898 possit
538 840 615 883 tibi
633 857 644 889 ;
676 854 754 882 nec
774 838 970 881 meretrix
990 837 1177 889 tibicina,
1200 837 1319 893 cujus
1542 837 1599 878 25

260 909 336 952 Ad
357 909 574 965 strepitum
597 909 719 950 salias
740 917 862 950 terrae
883 906 1045 962 gravis:
1079 915 1120 947 et
1141 913 1278 946 tamen
1298 918 1450 959 urgues

260 978 292 1018 J
295 977 520 1032 ampl-idem
542 991 625 1018 non
646 984 757 1018 tacta
777 975 986 1030 ligonibus
1006 988 1119 1023 arva,
1141 974 1370 1027 bovemque

260 1044 531 1102 Disjunctum
553 1059 684 1094 curas,
707 1053 749 1086 et
770 1043 923 1085 strictis
942 1042 1161 1084 frondibus
1182 1040 1322 1096 exples
1340 1056 1349 1082 :

259 1113 400 1156 Addit
420 1128 524 1169 opus
542 1113 664 1169 pigro
684 1111 814 1163 rivus,
837 1111 871 1152 si
891 1111 1046 1152 decidit
1066 1110 1212 1160 imber,

261 1177 406 1224 Multa
426 1181 534 1223 mole
554 1181 765 1222 docendus
787 1180 925 1235 aprico
951 1183 1128 1235 parcere'
1139 1185 1271 1233 prato.
1544 1177 1602 1216 30

261 1249 405 1300 Nunc,
427 1263 518 1304 age,
540 1247 643 1304 quid
663 1256 850 1289 nostrum
872 1255 1118 1289 concentum
1140 1244 1317 1295 dividat,
1339 1244 1450 1286 audi.

261 1317 396 1368 Quem
418 1324 564 1358 tenues
585 1316 760 1357 decuere
777 1324 889 1370 togae
909 1315 1115 1370 nitidique
1136 1312 1290 1368 capilli,

261 1383 398 1432 Quem
419 1383 501 1426 scis
519 1384 746 1425 immunem
770 1383 939 1425 Cinarae
959 1381 1164 1437 placuisse
1184 1379 1339 1435 rapaci,

262 1452 399 1503 Quem
417 1450 607 1494 bibulum
629 1450 779 1506 liquidi
799 1450 937 1492 media
957 1451 1010 1492 de
1029 1450 1123 1491 luce
1145 1447 1331 1498 Falerni,

263 1520 401 1562 Coena
418 1519 555 1561 brevis
569 1519 708 1574 juvat,
731 1526 772 1560 et
791 1533 920 1574 prope
940 1517 1076 1559 rivum
1099 1531 1267 1558 somnus
1287 1515 1330 1556 in
1352 1515 1507 1557 herba:
1544 1516 1601 1556 35

261 1586 355 1630 Nec
374 1587 522 1629 lusisse
543 1586 688 1642 pudet,
710 1587 783 1629 sed
803 1601 887 1628 non
907 1585 1092 1627 incidere
1111 1585 1274 1626 ludum.

259 1656 359 1698 Non
378 1654 474 1696 istic
493 1654 661 1710 obliquo
681 1654 802 1696 oculo
824 1669 914 1696 mea
935 1654 1152 1696 commoda
1171 1652 1389 1709 quisquam

263 1722 436 1770 Limat;
469 1736 553 1763 non
572 1722 669 1764 odio
688 1723 861 1765 obscuro
879 1737 1100 1778 morsuque
1121 1729 1323 1763 venenat:

266 1790 429 1832 Rident
449 1789 577 1831 vicini
598 1790 740 1845 glebas
760 1799 801 1832 et
822 1805 918 1832 saxa
938 1798 1185 1832 moventem.

268 1858 377 1900 Cum
400 1857 528 1899 servis
548 1859 706 1900 urbana
725 1858 855 1900 diaria
875 1858 1020 1900 rodere
1040 1857 1196 1905 mavis;
1548 1857 1604 1898 40

268 1925 434 1967 Horum
457 1934 504 1967 tu
523 1925 568 1967 in
587 1940 805 1968 numerum
827 1935 926 1967 voto
945 1926 1031 1967 ruis
1049 1941 1058 1966 :
1091 1925 1252 1966 invidet
1271 1938 1391 1966 usum

268 1991 502 2048 Lignorum
523 2003 565 2036 et
585 1994 743 2050 pecoris
764 1994 841 2035 tibi
868 1994 958 2035 calo
978 2001 1165 2048 argutuS‚
1187 2000 1228 2034 et
1247 1992 1373 2034 horti.

264 2061 400 2117 Optat
419 2061 618 2118 ephippia
637 2063 727 2112 bos,
747 2061 867 2118 piger
887 2069 1004 2116 optat
1024 2075 1139 2102 arare
1158 2059 1342 2101 caballus
1359 2076 1368 2101 :

267 2129 404 2178 Quam
426 2131 504 2173 scit
523 2139 713 2187 uterque,
734 2130 883 2180 libens,
906 2129 1096 2178 censebo,
1117 2135 1304 2168 exerceat
1324 2136 1466 2169 artem.

714 2330 1032 2372 EPISTOLA
1064 2330 1165 2372 XV.

646 2441 710 2468 AD
752 2439 1008 2467 NUMONIUM
1052 2440 1229 2467 vALAM.

267 2538 373 2589 Qum
394 2535 448 2578 sit
467 2533 600 2576 hiems
623 2533 768 2584 Veliae,
789 2533 900 2589 quod
921 2533 1087 2583 coelum,
1111 2533 1231 2585 Vala,
1255 2532 1432 2586 Salerni,

269 2605 455 2656 Quorum
475 2602 690 2644 homiuum
710 2601 840 2657 regio,
863 2609 904 2642 et
925 2601 1059 2656 qualis
1081 2601 1169 2644 via:
1196 2600 1312 2653 (nam
1334 2602 1438 2643 mihi
1461 2601 1585 2644 Baias

269 2673 398 2714 Musa
417 2684 690 2726 supervacuas
706 2669 936 2721 Antonius,
953 2678 994 2711 et
1016 2678 1154 2711 tamen
1175 2670 1258 2712 illis

269 2740 348 2782 Me
367 2738 468 2780 facit
486 2738 682 2788 invisum,
703 2738 842 2793 gelida
863 2752 955 2780 cum
976 2738 1143 2793 perluor
1163 2739 1277 2780 unda

270 2807 354 2848 Per
373 2805 557 2848 medium
575 2805 737 2860 frigus:
771 2820 870 2847 saue
889 2813 1070 2847 murteta
1091 2805 1283 2861 relinqui,
1577 2807 1604 2846 5
