<?xml version="1.0" encoding="UTF-8"?>
<!DOCTYPE html PUBLIC "-//W3C//DTD XHTML 1.0 Transitional//EN"
    "http://www.w3.org/TR/xhtml1/DTD/xhtml1-transitional.dtd">
<html xmlns="http://www.w3.org/1999/xhtml" xml:lang="en" lang="en">
 <head>
  <title>
</title>
<meta http-equiv="Content-Type" content="text/html;charset=utf-8" />
  <meta name='ocr-system' content='tesseract 3.04.00' />
  <meta name='ocr-capabilities' content='ocr_page ocr_carea ocr_par ocr_line ocrx_word'/>
</head>
<body>
  <div class='ocr_page' id='page_1' title='image "./horatiusrestitut00horauoft_0307.png"; bbox 0 0 1962 3268; ppageno 0'>
   <div class='ocr_carea' id='block_1_1' title="bbox 0 0 170 2209">
    <p class='ocr_par' dir='ltr' id='par_1_1' title="bbox 0 0 170 2209">
     <span class='ocr_line' id='line_1_1' title="bbox 0 0 170 2209; baseline 0 0"><span class='ocrx_word' id='word_1_1' title='bbox 0 0 170 2209; x_wconf 95' lang='lat' dir='ltr'> </span> 
     </span>
    </p>
   </div>
   <div class='ocr_carea' id='block_1_2' title="bbox 750 334 1117 364">
    <p class='ocr_par' dir='ltr' id='par_1_2' title="bbox 750 334 1117 364">
     <span class='ocr_line' id='line_1_2' title="bbox 750 334 1117 364; baseline -0.011 0"><span class='ocrx_word' id='word_1_2' title='bbox 750 335 929 364; x_wconf 73' lang='lat' dir='ltr'>EPonoN</span> <span class='ocrx_word' id='word_1_3' title='bbox 963 335 1007 362; x_wconf 76' lang='lat'>1.1</span> <span class='ocrx_word' id='word_1_4' title='bbox 1018 334 1117 362; x_wconf 74' lang='lat' dir='ltr'>BER.</span> 
     </span>
    </p>
   </div>
   <div class='ocr_carea' id='block_1_3' title="bbox 326 434 1235 904">
    <p class='ocr_par' dir='ltr' id='par_1_3' title="bbox 382 434 942 483">
     <span class='ocr_line' id='line_1_3' title="bbox 382 434 942 483; baseline -0.016 1"><span class='ocrx_word' id='word_1_5' title='bbox 382 441 477 483; x_wconf 88' lang='lat' dir='ltr'>Aut</span> <span class='ocrx_word' id='word_1_6' title='bbox 495 439 627 481; x_wconf 81' lang='lat' dir='ltr'>fertur</span> <span class='ocrx_word' id='word_1_7' title='bbox 647 437 805 480; x_wconf 88' lang='lat' dir='ltr'>incerto</span> <span class='ocrx_word' id='word_1_8' title='bbox 825 434 942 477; x_wconf 83' lang='lat' dir='ltr'>mari.</span> 
     </span>
    </p>

    <p class='ocr_par' dir='ltr' id='par_1_4' title="bbox 327 501 1163 624">
     <span class='ocr_line' id='line_1_4' title="bbox 327 501 1163 566; baseline -0.014 -13"><span class='ocrx_word' id='word_1_9' title='bbox 327 507 574 566; x_wconf 77' lang='lat' dir='ltr'><strong>capaciores</strong></span> <span class='ocrx_word' id='word_1_10' title='bbox 595 504 696 548; x_wconf 85' lang='lat' dir='ltr'>affer</span> <span class='ocrx_word' id='word_1_11' title='bbox 709 504 809 554; x_wconf 88' lang='lat' dir='ltr'>huc,</span> <span class='ocrx_word' id='word_1_12' title='bbox 830 517 947 558; x_wconf 86' lang='lat' dir='ltr'>puer,</span> <span class='ocrx_word' id='word_1_13' title='bbox 969 501 1163 557; x_wconf 81' lang='lat' dir='ltr'><strong>scyphos,</strong></span> 
     </span>
     <span class='ocr_line' id='line_1_5' title="bbox 382 569 1009 624; baseline -0.016 -4"><span class='ocrx_word' id='word_1_14' title='bbox 382 578 444 620; x_wconf 88' lang='lat' dir='ltr'>Et</span> <span class='ocrx_word' id='word_1_15' title='bbox 465 575 576 620; x_wconf 80' lang='lat' dir='ltr'>Chia</span> <span class='ocrx_word' id='word_1_16' title='bbox 597 573 707 624; x_wconf 85' lang='lat' dir='ltr'>vina,</span> <span class='ocrx_word' id='word_1_17' title='bbox 730 580 810 614; x_wconf 58' lang='lat' dir='ltr'>aut&gt;</span> <span class='ocrx_word' id='word_1_18' title='bbox 825 569 979 612; x_wconf 88' lang='lat' dir='ltr'>Lesbia</span> <span class='ocrx_word' id='word_1_19' title='bbox 997 586 1009 618; x_wconf 80' lang='lat'>3</span> 
     </span>
    </p>

    <p class='ocr_par' dir='ltr' id='par_1_5' title="bbox 329 641 1212 755">
     <span class='ocr_line' id='line_1_6' title="bbox 329 641 1212 700; baseline -0.011 -12"><span class='ocrx_word' id='word_1_20' title='bbox 329 645 425 696; x_wconf 82' lang='lat' dir='ltr'>Vel,</span> <span class='ocrx_word' id='word_1_21' title='bbox 445 643 557 700; x_wconf 91' lang='lat' dir='ltr'>quod</span> <span class='ocrx_word' id='word_1_22' title='bbox 575 641 774 684; x_wconf 87' lang='lat' dir='ltr'>fluentem</span> <span class='ocrx_word' id='word_1_23' title='bbox 795 653 989 681; x_wconf 83' lang='lat' dir='ltr'>nauseam</span> <span class='ocrx_word' id='word_1_24' title='bbox 1012 646 1212 689; x_wconf 87' lang='lat' dir='ltr'>coerceat,</span> 
     </span>
     <span class='ocr_line' id='line_1_7' title="bbox 384 708 945 755; baseline -0.011 0"><span class='ocrx_word' id='word_1_25' title='bbox 384 711 542 755; x_wconf 83' lang='lat' dir='ltr'>Metire</span> <span class='ocrx_word' id='word_1_26' title='bbox 562 709 681 753; x_wconf 89' lang='lat' dir='ltr'>nobis</span> <span class='ocrx_word' id='word_1_27' title='bbox 703 708 945 752; x_wconf 85' lang='lat' dir='ltr'>Caecubum.</span> 
     </span>
    </p>

    <p class='ocr_par' dir='ltr' id='par_1_6' title="bbox 326 776 1235 904">
     <span class='ocr_line' id='line_1_8' title="bbox 326 776 1235 835; baseline -0.01 -10"><span class='ocrx_word' id='word_1_28' title='bbox 326 783 482 825; x_wconf 82' lang='lat' dir='ltr'>Curam</span> <span class='ocrx_word' id='word_1_29' title='bbox 501 787 741 835; x_wconf 90' lang='lat' dir='ltr'>metumque</span> <span class='ocrx_word' id='word_1_30' title='bbox 762 776 940 820; x_wconf 80' lang='lat' dir='ltr'>Caesaris</span> <span class='ocrx_word' id='word_1_31' title='bbox 960 790 1096 819; x_wconf 83' lang='lat' dir='ltr'>rerum</span> <span class='ocrx_word' id='word_1_32' title='bbox 1111 776 1235 832; x_wconf 84' lang='lat' dir='ltr'>juvat</span> 
     </span>
     <span class='ocr_line' id='line_1_9' title="bbox 384 845 860 904; baseline -0.013 -12"><span class='ocrx_word' id='word_1_33' title='bbox 384 847 514 892; x_wconf 90' lang='lat' dir='ltr'>Dulci</span> <span class='ocrx_word' id='word_1_34' title='bbox 531 849 667 904; x_wconf 89' lang='lat' dir='ltr'>Lyaeo</span> <span class='ocrx_word' id='word_1_35' title='bbox 688 845 860 888; x_wconf 84' lang='lat' dir='ltr'>solvere.</span> 
     </span>
    </p>
   </div>
   <div class='ocr_carea' id='block_1_4' title="bbox 816 1047 1072 1102">
    <p class='ocr_par' dir='ltr' id='par_1_7' title="bbox 816 1047 1072 1102">
     <span class='ocr_line' id='line_1_10' title="bbox 816 1047 1072 1102; baseline -0.008 -10"><span class='ocrx_word' id='word_1_36' title='bbox 816 1051 877 1092; x_wconf 83' lang='lat' dir='ltr'>X.</span> <span class='ocrx_word' id='word_1_37' title='bbox 915 1047 986 1100; x_wconf 88' lang='lat' dir='ltr'>(M.</span> <span class='ocrx_word' id='word_1_38' title='bbox 1020 1051 1072 1102; x_wconf 67' lang='grc' dir='ltr'>ι.)</span> 
     </span>
    </p>
   </div>
   <div class='ocr_carea' id='block_1_5' title="bbox 795 1169 1092 1199">
    <p class='ocr_par' dir='ltr' id='par_1_8' title="bbox 795 1169 1092 1199">
     <span class='ocr_line' id='line_1_11' title="bbox 795 1169 1092 1199; baseline -0.013 0"><span class='ocrx_word' id='word_1_39' title='bbox 795 1171 847 1199; x_wconf 86' lang='lat' dir='ltr'>IN</span> <span class='ocrx_word' id='word_1_40' title='bbox 881 1169 1074 1198; x_wconf 76' lang='lat' dir='ltr'>MAEVIUM</span> <span class='ocrx_word' id='word_1_41' title='bbox 1084 1187 1092 1195; x_wconf 89' lang='lat'><strong>.</strong></span> 
     </span>
    </p>
   </div>
   <div class='ocr_carea' id='block_1_6' title="bbox 330 1251 1274 2884">
    <p class='ocr_par' dir='ltr' id='par_1_9' title="bbox 331 1251 1018 1367">
     <span class='ocr_line' id='line_1_12' title="bbox 331 1251 1018 1303; baseline -0.012 -3"><span class='ocrx_word' id='word_1_42' title='bbox 331 1257 482 1300; x_wconf 75' lang='lat' dir='ltr'>MALA</span> <span class='ocrx_word' id='word_1_43' title='bbox 504 1253 639 1297; x_wconf 76' lang='lat' dir='ltr'>&#39;soluta</span> <span class='ocrx_word' id='word_1_44' title='bbox 659 1252 777 1295; x_wconf 84' lang='lat' dir='ltr'>navis</span> <span class='ocrx_word' id='word_1_45' title='bbox 798 1252 884 1294; x_wconf 88' lang='lat' dir='ltr'>exit</span> <span class='ocrx_word' id='word_1_46' title='bbox 905 1251 1018 1303; x_wconf 83' lang='lat' dir='ltr'>alite,</span> 
     </span>
     <span class='ocr_line' id='line_1_13' title="bbox 388 1319 990 1367; baseline -0.013 0"><span class='ocrx_word' id='word_1_47' title='bbox 388 1325 546 1367; x_wconf 86' lang='lat' dir='ltr'>Ferens</span> <span class='ocrx_word' id='word_1_48' title='bbox 567 1321 745 1364; x_wconf 89' lang='lat' dir='ltr'>olentem</span> <span class='ocrx_word' id='word_1_49' title='bbox 769 1319 990 1362; x_wconf 83' lang='lat' dir='ltr'>Maevium.</span> 
     </span>
    </p>

    <p class='ocr_par' dir='ltr' id='par_1_10' title="bbox 330 1386 1190 1510">
     <span class='ocr_line' id='line_1_14' title="bbox 330 1386 1190 1444; baseline -0.009 -9"><span class='ocrx_word' id='word_1_50' title='bbox 330 1393 396 1435; x_wconf 88' lang='lat' dir='ltr'>Ut</span> <span class='ocrx_word' id='word_1_51' title='bbox 413 1391 593 1434; x_wconf 78' lang='lat' dir='ltr'>horridis</span> <span class='ocrx_word' id='word_1_52' title='bbox 613 1398 835 1444; x_wconf 90' lang='lat' dir='ltr'>utrumque</span> <span class='ocrx_word' id='word_1_53' title='bbox 855 1387 1046 1430; x_wconf 87' lang='lat' dir='ltr'>verberes</span> <span class='ocrx_word' id='word_1_54' title='bbox 1065 1386 1190 1436; x_wconf 89' lang='lat' dir='ltr'>latus,</span> 
     </span>
     <span class='ocr_line' id='line_1_15' title="bbox 392 1455 1032 1510; baseline -0.009 -7"><span class='ocrx_word' id='word_1_55' title='bbox 392 1461 568 1510; x_wconf 80' lang='lat' dir='ltr'>Auster,</span> <span class='ocrx_word' id='word_1_56' title='bbox 590 1465 796 1500; x_wconf 89' lang='lat' dir='ltr'>memento</span> <span class='ocrx_word' id='word_1_57' title='bbox 816 1455 1032 1504; x_wconf 85' lang='lat' dir='ltr'>fluctibus;</span> 
     </span>
    </p>

    <p class='ocr_par' dir='ltr' id='par_1_11' title="bbox 335 1523 1188 1653">
     <span class='ocr_line' id='line_1_16' title="bbox 335 1523 1188 1586; baseline -0.011 -13"><span class='ocrx_word' id='word_1_58' title='bbox 335 1530 470 1586; x_wconf 89' lang='lat' dir='ltr'>Niger</span> <span class='ocrx_word' id='word_1_59' title='bbox 488 1529 684 1571; x_wconf 86' lang='lat' dir='ltr'>rudentes</span> <span class='ocrx_word' id='word_1_60' title='bbox 704 1528 862 1578; x_wconf 84' lang='lat' dir='ltr'>Eurus,</span> <span class='ocrx_word' id='word_1_61' title='bbox 885 1525 1050 1566; x_wconf 86' lang='lat' dir='ltr'>inverso</span> <span class='ocrx_word' id='word_1_62' title='bbox 1069 1523 1188 1573; x_wconf 85' lang='lat' dir='ltr'>mari,</span> 
     </span>
     <span class='ocr_line' id='line_1_17' title="bbox 394 1593 1003 1653; baseline -0.013 -11"><span class='ocrx_word' id='word_1_63' title='bbox 394 1599 649 1653; x_wconf 81' lang='lat' dir='ltr'>Fractosque</span> <span class='ocrx_word' id='word_1_64' title='bbox 668 1610 802 1638; x_wconf 90' lang='lat' dir='ltr'>remos</span> <span class='ocrx_word' id='word_1_65' title='bbox 819 1593 1003 1641; x_wconf 85' lang='lat' dir='ltr'>differat;</span> 
     </span>
    </p>

    <p class='ocr_par' dir='ltr' id='par_1_12' title="bbox 336 1660 1274 1791">
     <span class='ocr_line' id='line_1_18' title="bbox 336 1660 1274 1723; baseline -0.01 -13"><span class='ocrx_word' id='word_1_66' title='bbox 336 1669 536 1723; x_wconf 75' lang='lat' dir='ltr'>Insui-gat</span> <span class='ocrx_word' id='word_1_67' title='bbox 551 1663 725 1722; x_wconf 87' lang='lat' dir='ltr'>Aquilo,</span> <span class='ocrx_word' id='word_1_68' title='bbox 748 1671 927 1719; x_wconf 86' lang='lat' dir='ltr'>quantus</span> <span class='ocrx_word' id='word_1_69' title='bbox 949 1660 1043 1704; x_wconf 88' lang='lat' dir='ltr'>altis</span> <span class='ocrx_word' id='word_1_70' title='bbox 1063 1660 1274 1703; x_wconf 89' lang='lat' dir='ltr'>montibus</span> 
     </span>
     <span class='ocr_line' id='line_1_19' title="bbox 393 1732 978 1791; baseline -0.012 -12"><span class='ocrx_word' id='word_1_71' title='bbox 393 1735 571 1791; x_wconf 84' lang='lat' dir='ltr'>Frangit</span> <span class='ocrx_word' id='word_1_72' title='bbox 592 1740 814 1776; x_wconf 89' lang='lat' dir='ltr'>trementes</span> <span class='ocrx_word' id='word_1_73' title='bbox 835 1732 950 1774; x_wconf 85' lang='lat' dir='ltr'>ilices</span> <span class='ocrx_word' id='word_1_74' title='bbox 967 1747 978 1779; x_wconf 92' lang='lat'>;</span> 
     </span>
    </p>

    <p class='ocr_par' dir='ltr' id='par_1_13' title="bbox 333 1800 1248 1924">
     <span class='ocr_line' id='line_1_20' title="bbox 333 1800 1248 1855; baseline -0.009 -7"><span class='ocrx_word' id='word_1_75' title='bbox 333 1805 425 1848; x_wconf 89' lang='lat' dir='ltr'>Nec</span> <span class='ocrx_word' id='word_1_76' title='bbox 445 1804 562 1846; x_wconf 83' lang='lat' dir='ltr'>sidus</span> <span class='ocrx_word' id='word_1_77' title='bbox 583 1811 673 1845; x_wconf 87' lang='lat' dir='ltr'>atra</span> <span class='ocrx_word' id='word_1_78' title='bbox 692 1809 814 1843; x_wconf 88' lang='lat' dir='ltr'>nocte</span> <span class='ocrx_word' id='word_1_79' title='bbox 835 1800 1014 1843; x_wconf 87' lang='lat' dir='ltr'>amicum</span> <span class='ocrx_word' id='word_1_80' title='bbox 1037 1807 1248 1855; x_wconf 82' lang='lat' dir='ltr'>appareat,</span> 
     </span>
     <span class='ocr_line' id='line_1_21' title="bbox 393 1868 952 1924; baseline -0.011 -9"><span class='ocrx_word' id='word_1_81' title='bbox 393 1873 488 1924; x_wconf 85' lang='lat' dir='ltr'>Qua</span> <span class='ocrx_word' id='word_1_82' title='bbox 506 1871 637 1914; x_wconf 88' lang='lat' dir='ltr'>tristis</span> <span class='ocrx_word' id='word_1_83' title='bbox 659 1869 789 1913; x_wconf 87' lang='lat' dir='ltr'>Orion</span> <span class='ocrx_word' id='word_1_84' title='bbox 811 1868 923 1911; x_wconf 85' lang='lat' dir='ltr'>cadit</span> <span class='ocrx_word' id='word_1_85' title='bbox 942 1884 952 1908; x_wconf 76' lang='grc' dir='ltr'><strong>ε</strong></span> 
     </span>
    </p>

    <p class='ocr_par' dir='ltr' id='par_1_14' title="bbox 337 1939 1103 2063">
     <span class='ocr_line' id='line_1_22' title="bbox 337 1939 1022 1994; baseline -0.007 -10"><span class='ocrx_word' id='word_1_86' title='bbox 337 1940 550 1993; x_wconf 82' lang='lat' dir='ltr'>Quietiore</span> <span class='ocrx_word' id='word_1_87' title='bbox 569 1955 646 1982; x_wconf 88' lang='lat' dir='ltr'>nec</span> <span class='ocrx_word' id='word_1_88' title='bbox 665 1939 822 1982; x_wconf 86' lang='lat' dir='ltr'>feratur</span> <span class='ocrx_word' id='word_1_89' title='bbox 841 1952 1022 1994; x_wconf 88' lang='lat' dir='ltr'>aequore,</span> 
     </span>
     <span class='ocr_line' id='line_1_23' title="bbox 398 2007 1103 2063; baseline -0.009 -10"><span class='ocrx_word' id='word_1_90' title='bbox 398 2011 533 2063; x_wconf 84' lang='lat' dir='ltr'>Quam</span> <span class='ocrx_word' id='word_1_91' title='bbox 556 2008 687 2052; x_wconf 86' lang='lat' dir='ltr'>Graia</span> <span class='ocrx_word' id='word_1_92' title='bbox 707 2007 909 2049; x_wconf 84' lang='lat' dir='ltr'>victorum</span> <span class='ocrx_word' id='word_1_93' title='bbox 931 2021 1103 2058; x_wconf 87' lang='lat' dir='ltr'>manus;</span> 
     </span>
    </p>

    <p class='ocr_par' dir='ltr' id='par_1_15' title="bbox 337 2073 1171 2203">
     <span class='ocr_line' id='line_1_24' title="bbox 337 2073 1171 2123; baseline -0.01 0"><span class='ocrx_word' id='word_1_94' title='bbox 337 2081 447 2123; x_wconf 90' lang='lat' dir='ltr'>Cum</span> <span class='ocrx_word' id='word_1_95' title='bbox 469 2077 610 2121; x_wconf 85' lang='lat' dir='ltr'>Pallas</span> <span class='ocrx_word' id='word_1_96' title='bbox 630 2085 724 2119; x_wconf 92' lang='lat' dir='ltr'>usto</span> <span class='ocrx_word' id='word_1_97' title='bbox 745 2075 870 2118; x_wconf 86' lang='lat' dir='ltr'>vertit</span> <span class='ocrx_word' id='word_1_98' title='bbox 890 2075 992 2118; x_wconf 89' lang='lat' dir='ltr'>iram</span> <span class='ocrx_word' id='word_1_99' title='bbox 1014 2075 1066 2117; x_wconf 87' lang='lat' dir='ltr'>ab</span> <span class='ocrx_word' id='word_1_100' title='bbox 1088 2073 1171 2115; x_wconf 92' lang='lat' dir='ltr'>Ilio</span> 
     </span>
     <span class='ocr_line' id='line_1_25' title="bbox 396 2144 965 2203; baseline -0.009 -13"><span class='ocrx_word' id='word_1_101' title='bbox 396 2149 452 2190; x_wconf 89' lang='lat' dir='ltr'>In</span> <span class='ocrx_word' id='word_1_102' title='bbox 470 2144 640 2203; x_wconf 85' lang='lat' dir='ltr'>impiam</span> <span class='ocrx_word' id='word_1_103' title='bbox 662 2144 802 2202; x_wconf 87' lang='lat' dir='ltr'>Ajacis</span> <span class='ocrx_word' id='word_1_104' title='bbox 821 2153 965 2186; x_wconf 88' lang='lat' dir='ltr'>ratem.</span> 
     </span>
    </p>

    <p class='ocr_par' dir='ltr' id='par_1_16' title="bbox 340 2210 1166 2338">
     <span class='ocr_line' id='line_1_26' title="bbox 340 2210 1166 2272; baseline -0.01 -13"><span class='ocrx_word' id='word_1_105' title='bbox 340 2218 379 2259; x_wconf 91' lang='lat' dir='ltr'>O</span> <span class='ocrx_word' id='word_1_106' title='bbox 400 2223 580 2272; x_wconf 85' lang='lat' dir='ltr'>quantus</span> <span class='ocrx_word' id='word_1_107' title='bbox 599 2213 728 2254; x_wconf 85' lang='lat' dir='ltr'>instat</span> <span class='ocrx_word' id='word_1_108' title='bbox 748 2212 900 2254; x_wconf 84' lang='lat' dir='ltr'>navitis</span> <span class='ocrx_word' id='word_1_109' title='bbox 922 2213 1047 2254; x_wconf 85' lang='lat' dir='ltr'>sudor</span> <span class='ocrx_word' id='word_1_110' title='bbox 1067 2210 1166 2260; x_wconf 85' lang='lat' dir='ltr'>tuis,</span> 
     </span>
     <span class='ocr_line' id='line_1_27' title="bbox 398 2279 906 2338; baseline -0.01 -12"><span class='ocrx_word' id='word_1_111' title='bbox 398 2283 582 2338; x_wconf 88' lang='lat' dir='ltr'>Tibique</span> <span class='ocrx_word' id='word_1_112' title='bbox 602 2281 735 2337; x_wconf 88' lang='lat' dir='ltr'>pallor</span> <span class='ocrx_word' id='word_1_113' title='bbox 754 2279 906 2331; x_wconf 89' lang='lat' dir='ltr'>luteus,</span> 
     </span>
    </p>

    <p class='ocr_par' dir='ltr' id='par_1_17' title="bbox 341 2349 1098 2466">
     <span class='ocr_line' id='line_1_28' title="bbox 341 2349 958 2405; baseline -0.011 -8"><span class='ocrx_word' id='word_1_114' title='bbox 341 2355 403 2397; x_wconf 90' lang='lat' dir='ltr'>Et</span> <span class='ocrx_word' id='word_1_115' title='bbox 419 2353 494 2395; x_wconf 82' lang='lat' dir='ltr'>illa</span> <span class='ocrx_word' id='word_1_116' title='bbox 512 2365 595 2393; x_wconf 90' lang='lat' dir='ltr'>non</span> <span class='ocrx_word' id='word_1_117' title='bbox 618 2349 751 2391; x_wconf 88' lang='lat' dir='ltr'>virilis</span> <span class='ocrx_word' id='word_1_118' title='bbox 773 2349 958 2405; x_wconf 80' lang='lat' dir='ltr'>ejulatio,</span> 
     </span>
     <span class='ocr_line' id='line_1_29' title="bbox 400 2417 1098 2466; baseline -0.009 -2"><span class='ocrx_word' id='word_1_119' title='bbox 400 2423 550 2464; x_wconf 88' lang='lat' dir='ltr'>Preces</span> <span class='ocrx_word' id='word_1_120' title='bbox 571 2428 613 2461; x_wconf 90' lang='lat' dir='ltr'>et</span> <span class='ocrx_word' id='word_1_121' title='bbox 633 2432 822 2461; x_wconf 84' lang='lat' dir='ltr'>aversum</span> <span class='ocrx_word' id='word_1_122' title='bbox 845 2417 898 2459; x_wconf 87' lang='lat' dir='ltr'>ad</span> <span class='ocrx_word' id='word_1_123' title='bbox 920 2418 951 2458; x_wconf 87' lang='lat' dir='ltr'><strong>J</strong></span> <span class='ocrx_word' id='word_1_124' title='bbox 954 2431 1070 2459; x_wconf 88' lang='lat' dir='ltr'>ovem</span> <span class='ocrx_word' id='word_1_125' title='bbox 1087 2435 1098 2466; x_wconf 73' lang='grc' dir='ltr'><strong>ς</strong></span> 
     </span>
    </p>

    <p class='ocr_par' dir='ltr' id='par_1_18' title="bbox 344 2485 1097 2610">
     <span class='ocr_line' id='line_1_30' title="bbox 344 2485 1097 2541; baseline -0.009 -8"><span class='ocrx_word' id='word_1_126' title='bbox 344 2490 488 2533; x_wconf 92' lang='lat' dir='ltr'>Ionius</span> <span class='ocrx_word' id='word_1_127' title='bbox 508 2488 592 2530; x_wconf 90' lang='lat' dir='ltr'>udo</span> <span class='ocrx_word' id='word_1_128' title='bbox 613 2501 705 2530; x_wconf 91' lang='lat' dir='ltr'>cum</span> <span class='ocrx_word' id='word_1_129' title='bbox 727 2485 962 2541; x_wconf 89' lang='lat' dir='ltr'>remugiens</span> <span class='ocrx_word' id='word_1_130' title='bbox 983 2485 1097 2527; x_wconf 89' lang='lat' dir='ltr'>sinus</span> 
     </span>
     <span class='ocr_line' id='line_1_31' title="bbox 403 2553 919 2610; baseline -0.01 -10"><span class='ocrx_word' id='word_1_131' title='bbox 403 2558 515 2600; x_wconf 87' lang='lat' dir='ltr'>Noto</span> <span class='ocrx_word' id='word_1_132' title='bbox 536 2555 713 2598; x_wconf 85' lang='lat' dir='ltr'>carinam</span> <span class='ocrx_word' id='word_1_133' title='bbox 735 2553 893 2610; x_wconf 86' lang='lat' dir='ltr'>ruperit</span> <span class='ocrx_word' id='word_1_134' title='bbox 911 2556 919 2595; x_wconf 78' lang='lat'>2</span> 
     </span>
    </p>

    <p class='ocr_par' dir='ltr' id='par_1_19' title="bbox 345 2622 1154 2748">
     <span class='ocr_line' id='line_1_32' title="bbox 345 2622 1154 2682; baseline -0.005 -14"><span class='ocrx_word' id='word_1_135' title='bbox 345 2625 499 2682; x_wconf 85' lang='lat' dir='ltr'>Opima</span> <span class='ocrx_word' id='word_1_136' title='bbox 518 2625 628 2681; x_wconf 92' lang='lat' dir='ltr'>quod</span> <span class='ocrx_word' id='word_1_137' title='bbox 650 2623 684 2665; x_wconf 92' lang='lat' dir='ltr'>si</span> <span class='ocrx_word' id='word_1_138' title='bbox 705 2623 848 2679; x_wconf 87' lang='lat' dir='ltr'>praeda</span> <span class='ocrx_word' id='word_1_139' title='bbox 869 2637 995 2665; x_wconf 88' lang='lat' dir='ltr'>curvo</span> <span class='ocrx_word' id='word_1_140' title='bbox 1015 2622 1154 2665; x_wconf 90' lang='lat' dir='ltr'>littore</span> 
     </span>
     <span class='ocr_line' id='line_1_33' title="bbox 403 2692 978 2748; baseline -0.003 -12"><span class='ocrx_word' id='word_1_141' title='bbox 403 2695 601 2736; x_wconf 85' lang='lat' dir='ltr'>Porrecta</span> <span class='ocrx_word' id='word_1_142' title='bbox 621 2707 782 2748; x_wconf 88' lang='lat' dir='ltr'>mergos</span> <span class='ocrx_word' id='word_1_143' title='bbox 797 2692 978 2748; x_wconf 80' lang='lat' dir='ltr'>juveris3</span> 
     </span>
    </p>

    <p class='ocr_par' dir='ltr' id='par_1_20' title="bbox 344 2759 1068 2884">
     <span class='ocr_line' id='line_1_34' title="bbox 344 2759 1068 2817; baseline -0.006 -11"><span class='ocrx_word' id='word_1_144' title='bbox 344 2760 614 2806; x_wconf 87' lang='lat' dir='ltr'>Libidinosus</span> <span class='ocrx_word' id='word_1_145' title='bbox 633 2759 913 2802; x_wconf 81' lang='lat' dir='ltr'>immolabitur</span> <span class='ocrx_word' id='word_1_146' title='bbox 933 2775 1068 2817; x_wconf 84' lang='lat' dir='ltr'>caper,</span> 
     </span>
     <span class='ocr_line' id='line_1_35' title="bbox 401 2828 968 2884; baseline -0.007 -11"><span class='ocrx_word' id='word_1_147' title='bbox 401 2831 462 2874; x_wconf 88' lang='lat' dir='ltr'>Et</span> <span class='ocrx_word' id='word_1_148' title='bbox 482 2843 589 2884; x_wconf 85' lang='lat' dir='ltr'>agna</span> <span class='ocrx_word' id='word_1_149' title='bbox 610 2828 968 2883; x_wconf 86' lang='lat' dir='ltr'>Tempestatibus.</span> 
     </span>
    </p>
   </div>
   <div class='ocr_carea' id='block_1_7' title="bbox 1546 636 1603 675">
    <p class='ocr_par' dir='ltr' id='par_1_21' title="bbox 1546 636 1603 675">
     <span class='ocr_line' id='line_1_36' title="bbox 1546 636 1603 675; baseline 0 0"><span class='ocrx_word' id='word_1_150' title='bbox 1546 636 1603 675; x_wconf 88' lang='lat'>35</span> 
     </span>
    </p>
   </div>
   <div class='ocr_carea' id='block_1_8' title="bbox 1560 1865 1614 1907">
    <p class='ocr_par' dir='ltr' id='par_1_22' title="bbox 1560 1865 1614 1907">
     <span class='ocr_line' id='line_1_37' title="bbox 1560 1865 1614 1907; baseline 0.019 -1"><span class='ocrx_word' id='word_1_151' title='bbox 1560 1865 1614 1907; x_wconf 89' lang='lat'>10</span> 
     </span>
    </p>
   </div>
   <div class='ocr_carea' id='block_1_9' title="bbox 1562 2210 1617 2250">
    <p class='ocr_par' dir='ltr' id='par_1_23' title="bbox 1562 2210 1617 2250">
     <span class='ocr_line' id='line_1_38' title="bbox 1562 2210 1617 2250; baseline 0 0"><span class='ocrx_word' id='word_1_152' title='bbox 1562 2210 1617 2250; x_wconf 89' lang='lat'>15</span> 
     </span>
    </p>
   </div>
   <div class='ocr_carea' id='block_1_10' title="bbox 1562 2557 1620 2597">
    <p class='ocr_par' dir='ltr' id='par_1_24' title="bbox 1562 2557 1620 2597">
     <span class='ocr_line' id='line_1_39' title="bbox 1562 2557 1620 2597; baseline 0.017 -1"><span class='ocrx_word' id='word_1_153' title='bbox 1562 2557 1620 2597; x_wconf 82' lang='lat'>20</span> 
     </span>
    </p>
   </div>
  </div>
 </body>
</html>
