1962 3268
408 293 465 333 48
844 305 885 336 Q.
903 305 1099 334 nonA'rn
1134 306 1297 335 1²·11Acc1

406 402 735 458 Interpellat-im:
770 403 841 446 sed
861 405 934 446 des
955 405 1114 447 veniam
1138 407 1280 458 bonus,
1297 422 1379 449 oro.

404 471 527 520 Quod
547 471 581 511 si
601 471 855 513 interciderit
877 471 950 514 tibi
967 486 1077 514 nunc
1097 473 1268 528 aliquid,
1287 484 1449 530 ‘repetes
1470 490 1593 526 mox;

404 537 500 579 Sive
522 546 582 579 est
603 547 762 580 naturae
784 539 877 589 hoc,
901 539 988 581 sive
1009 541 1125 591 artis,
1150 541 1276 583 mirus
1298 552 1482 598 utroque.

405 605 443 652 ἹῘ
467 606 578 656 Quin
598 605 642 646 id
663 614 749 647 erat
770 621 892 656 curae,
910 622 991 662 quo
1013 616 1135 662 pacto
1157 618 1305 650 cuncta
1326 619 1505 651 tenerem
1523 627 1535 659 ;

405 673 567 727 Utpote
586 688 651 714 res
673 682 832 723 tenues,
857 674 971 715 tenui
993 689 1179 717 sermone
1199 685 1395 730 peractas.

409 738 544 787 ffTEde
564 740 741 781 hominis
761 755 934 789 nomen3
969 742 1091 783 simul
1107 751 1162 793 et,
1186 744 1399 785 Romanus
1421 759 1472 786 an
1489 745 1650 801 hospes.
1672 746 1728 788 10

408 807 446 854 ἾῘ
464 808 563 862 Ipsa
583 822 738 849 memor
757 802 963 864 praecepta
979 824 1119 851 canam
1136 826 1147 857 ;
1181 811 1382 852 celabitur
1402 822 1557 854 auctor.

408 875 558 929 Longa
578 875 725 930 quibus
742 875 868 917 facies
889 876 976 916 ovis
993 876 1084 925 erit,
1110 877 1182 918 illa
1202 888 1424 929 memento,

334 958 338 962 ’
405 943 468 984 Ut
485 942 594 983 succi
612 942 803 991 melioris,
825 951 866 983 et
879 951 924 983 ut
945 944 1075 997 magis
1095 944 1203 985 alma
1227 946 1414 986 rotundis

402 1010 586 1051 Ponere:
619 1023 794 1064 namque
808 1023 958 1051 marem
981 1010 1176 1052 cohibent
1192 1011 1343 1053 callosa
1363 1012 1563 1054 vitellum.

404 1076 506 1132 Cole
519 1076 770 1126 suburbano,
791 1077 861 1131 qui
876 1076 993 1118 siccis
1016 1078 1145 1119 crevit
1161 1078 1202 1119 in
1220 1079 1327 1133 agris

402 1144 598 1192 Dulcior-3
631 1143 786 1198 irriguo
800 1143 906 1185 nihil
924 1153 985 1185 est
1006 1145 1158 1186 elutius
1174 1145 1307 1187 horto.

405 1213 451 1254 Si
466 1211 722 1267 vespertinus
744 1211 878 1252 subito
900 1220 941 1252 te
956 1212 1201 1267 oppresserit
1221 1213 1383 1267 hospes,

405 1281 473 1322 Ne
492 1279 646 1334 gallina
663 1279 814 1320 malum
834 1288 1045 1333 responset
1066 1280 1169 1321 dura
1191 1280 1346 1334 palato,

405 1349 567 1390 Doctus
588 1346 665 1388 eris
685 1346 821 1388 vivam
838 1347 959 1388 misto
979 1361 1155 1388 mersare
1177 1348 1380 1395 Falerno;

406 1418 504 1459 Hoc
524 1425 703 1457 teneram
723 1414 857 1456 faciet.
918 1414 1185 1456 Pratensibus
1200 1415 1360 1469 'optima
1374 1415 1515 1469 fungis

405 1486 567 1526 Natura
587 1490 671 1524 est:
703 1482 795 1523 aliis
816 1481 921 1522 male
937 1481 1130 1523 creditur.
1192 1482 1273 1522 Ille
1295 1482 1476 1523 salubres

404 1550 590 1592 AEstates
610 1558 792 1604 peraget,
814 1548 884 1603 qui
906 1548 1034 1603 nigris
1054 1548 1229 1603 prandia
1248 1549 1371 1589 moris

400 1618 556 1668 Finiet‚
579 1625 673 1659 ante
688 1630 853 1671 gravem
875 1631 967 1671 quae
979 1616 1124 1671 legerit
1143 1616 1283 1657 arbore
1299 1616 1436 1658 solem.

402 1685 601 1726 Aufidius
621 1684 718 1725 forti
740 1683 936 1725 miscebat
957 1683 1080 1725 mella
1102 1683 1292 1734 Falerno,

403 1753 608 1794 Mendose
620 1765 631 1799 ;
662 1750 854 1806 quoniam
876 1751 1015 1792 vacuis
1036 1752 1289 1793 committere
1308 1751 1422 1792 venis

400 1821 476 1863 Nil
505 1819 584 1861 nisi
605 1820 696 1860 lene
717 1819 856 1859 decet:
887 1819 971 1860 leni
987 1819 1211 1874 praecordia
1231 1819 1363 1861 mulso

402 1886 610 1929 Prolueris
631 1885 789 1926 melius.
853 1886 898 1926 Si
913 1887 1014 1927 dura
1030 1887 1253 1927 morabitur
1273 1886 1404 1936 alvus,

400 1953 582 2009 Mytilus
598 1960 639 1994 et
659 1952 761 1993 viles
781 1951 935 2006 pellent
957 1954 1160 1994 obstantia
1173 1954 1356 2003 conchae,

397 2023 459 2064 Et
478 2020 636 2076 lapathi
651 2019 784 2061 brevis
798 2019 938 2069 herba,
961 2020 1032 2060 sed
1052 2020 1144 2061 albo
1159 2035 1240 2061 non
1262 2020 1348 2061 sine
1371 2021 1470 2061 Coo.

397 2088 580 2131 Lubrica
599 2094 811 2143 nascentes
826 2086 1000 2140 implent
1016 2087 1231 2142 conchylia
1249 2088 1376 2128 lunae.

398 2158 481 2199 Sed
500 2171 582 2197 non
599 2168 718 2195 omne
738 2168 850 2195 mare
870 2163 930 2195 est
951 2168 1160 2209 generosae
1180 2155 1315 2196 fertile
1338 2163 1467 2196 testae.

396 2225 562 2267 Murice
584 2223 743 2278 Bajano
764 2222 906 2263 melior
923 2222 1105 2263 Lucrina
1124 2222 1295 2277 peloris:

395 2294 544 2335 Ostrea
567 2290 752 2340 Circeiis,
776 2290 944 2331 Miseno
965 2290 1155 2331 oriuntur
1179 2290 1343 2338 echini;

398 2357 810 2413 Pectinibuspatulis
825 2358 960 2412 jactat
981 2373 1023 2399 se
1043 2358 1165 2399 molle
1187 2359 1430 2400 Tarentum.

397 2430 488 2470 Nec
509 2427 587 2469 sibi
608 2439 817 2476 coenarum
838 2425 975 2480 quivis
997 2434 1147 2467 temere
1162 2434 1322 2479 arroget
1343 2434 1485 2475 artem,

375 2482 377 2486 .
395 2498 437 2538 N
441 2511 493 2537 on
508 2495 621 2550 prius
642 2502 784 2535 exacta
800 2493 914 2534 tenui
934 2494 1091 2534 ratione
1111 2507 1314 2547 saporum.

394 2561 602 2605 Necsatis
623 2569 684 2602 est
705 2575 796 2601 cara
809 2559 940 2614 pisces
960 2575 1144 2601 averrere
1159 2574 1312 2610 mensa,

355 2661 357 2664 -
392 2631 590 2686 Ignarum
609 2627 755 2683 quibus
776 2634 837 2667 est
852 2627 923 2681 jus
944 2627 1094 2682 aptius,
1116 2636 1157 2668 et
1172 2626 1321 2682 quibus
1338 2626 1438 2668 assis

389 2696 636 2752 Languidus
650 2695 694 2735 in
714 2694 896 2735 cubitum
911 2695 999 2750 jam
1021 2709 1062 2735 se
1079 2694 1253 2735 conviva
1277 2702 1461 2749 reponet.

389 2766 550 2807 Umber
562 2772 603 2806 et
617 2762 746 2818 iligna
765 2761 945 2804 nutritus
960 2762 1111 2817 glande
1125 2762 1321 2804 rotundas

1671 1082 1727 1123 15

1669 1418 1726 1457 20

1666 1753 1722 1794 25
