1962 3268
418 314 474 357 56
851 331 891 360 Q.
923 331 1118 361 noim’rn
1153 333 1316 362 FLACCI

419 429 607 471 Solicitas
628 430 795 483 ignarus
816 443 927 485 opes,
949 430 1007 472 sic
1027 431 1185 486 incipit.
1247 433 1284 480 ἻῙ
1304 433 1414 475 Olim

416 497 615 538 Rusticus
636 497 835 539 urbanum
858 511 1012 540 murem
1034 514 1125 541 mus
1146 515 1324 555 paupere
1343 501 1473 543 fertur

414 566 632 621 Accepisse
647 579 761 615 cavo,
785 574 959 608 veterem
982 576 1100 608 vetus
1121 567 1268 622 hospes
1288 569 1488 618 amicum;

414 633 560 687 Asper,
581 641 620 674 et
641 642 822 674 attentus
838 634 1035 688 quaesitiS‚
1058 643 1103 676 ut
1126 645 1260 677 tamen
1277 646 1434 678 arctum

416 700 600 742 Solveret
620 700 808 755 hospitiis
828 701 1022 742 animum.
1084 703 1196 754 Quid
1219 704 1373 746 multa?
1406 720 1537 760 neque
1557 707 1628 748 ille

415 767 591 822 Sepositi
613 768 765 817 ciceris,
783 782 858 810 nec
878 769 1011 824 longae
1032 770 1182 811 invidit
1203 786 1367 813 avenae:

412 836 586 877 Aridum
609 845 651 877 et
670 850 738 877 ore
757 835 889 877 ferens
911 837 1087 886 acinum,
1111 852 1343 894 semesaque
1359 840 1463 881 lardi

414 904 568 944 Frusta
587 903 716 953 dedit,
734 903 902 957 cupiens
923 904 1035 944 varia
1054 904 1222 946 fastidia
1243 920 1360 947 coena

412 971 587 1012 Vincere
607 971 815 1024 tangentis
835 971 941 1012 male
962 971 1124 1026 singula
1145 972 1268 1014 dente
1290 975 1480 1028 superbo:

412 1039 520 1080 Cum
541 1046 658 1092 pater
677 1037 765 1092 ipse
785 1038 931 1079 domus
953 1039 1070 1092 palea
1091 1049 1299 1093 porrectus
1322 1041 1362 1081 in
1384 1041 1513 1084 borna

410 1106 537 1147 Esset
556 1106 655 1147 ador
675 1105 916 1160 loliumque,
940 1106 1058 1161 dapis
1077 1106 1245 1148 meliora
1266 1108 1513 1164 relinquens.

1675 845 1732 884 85

412 1173 603 1214 Tandem
617 1174 798 1215 urbanus
813 1174 866 1215 ad
880 1173 1005 1224 hunc,
1023 1174 1134 1224 Quid
1148 1183 1188 1215 te
1194 1174 1332 1229 juvat,
1350 1176 1499 1232 inquit,
1514 1179 1657 1228 amice,
1674 1181 1731 1225 90

410 1239 620 1295 Praerupti
640 1240 816 1282 nemoris
836 1240 1058 1295 patientem
1079 1241 1216 1282 vivere
1237 1242 1386 1283 dorso?

411 1307 484 1348 Vis
506 1317 551 1349 tu
571 1308 756 1349 homines
775 1309 998 1363 urbemque
1023 1308 1120 1350 feris
1142 1322 1381 1364 praeponere
1397 1310 1538 1352 silvis?

410 1376 545 1429 Carpe
566 1375 674 1417 viam
699 1373 974 1429 (mihicrede)
998 1390 1147 1426 comes,
1170 1377 1376 1418 terrestria
1393 1379 1558 1433 quando

409 1443 612 1484 Mortales
633 1442 788 1484 animas
809 1442 955 1483 vivunt
977 1443 1134 1493 sortita,
1150 1458 1283 1499 neque
1305 1444 1390 1485 ulla
1406 1454 1466 1486 est

408 1511 502 1551 Aut
523 1524 672 1565 magno
694 1518 765 1551 aut
784 1524 911 1565 parvo
930 1510 1003 1551 leti
1022 1510 1143 1565 fuga:
1175 1525 1270 1565 quo,
1283 1512 1403 1562 bone,
1418 1513 1539 1563 circa,

408 1576 525 1618 Dum
546 1577 658 1629 licet,
678 1577 722 1618 in
746 1578 866 1619 rebus
880 1577 1078 1632 jucundis
1098 1578 1193 1620 vive
1214 1579 1375 1620 beatus:

409 1646 514 1687 Vive
529 1659 684 1686 memor
703 1660 825 1701 quam
848 1645 902 1687 sis
924 1645 1001 1686 aevi
1023 1646 1172 1687 brevis.
1230 1647 1338 1688 Haec
1355 1647 1427 1688 ubi
1448 1648 1558 1690 dicta

407 1714 628 1768 Agrestem
645 1713 855 1768 pepulere,
876 1714 997 1754 domo
1016 1713 1119 1754 levis
1140 1713 1295 1754 exsilit:
1326 1714 1423 1756 inde
1471 1765 1475 1768 ι

406 1782 540 1822 Ambo
559 1781 811 1836 propositum
833 1789 1035 1837 peragunt
1055 1780 1146 1831 iter,
1169 1781 1280 1822 urbis
1301 1791 1468 1824 aventes

408 1848 572 1889 Moenia
591 1849 781 1890 nocturni
802 1849 1031 1903 subrepere.
1092 1850 1272 1903 Jamque
1286 1851 1450 1891 tenebat

407 1915 503 1956 Nox
524 1915 702 1956 medium
726 1915 819 1957 coeli
840 1916 1032 1970 spatium,
1055 1930 1147 1957 cum
1169 1916 1286 1970 ponit
1306 1926 1477 1972 uterque

408 1983 460 2023 In
482 1982 685 2038 locuplete
705 1983 826 2024 domo
847 1982 1045 2037 vestigia3
1078 1983 1199 2023 rubro
1215 1983 1285 2024 ubi
1306 1999 1425 2026 cocco

409 2050 564 2092 Tincta
584 2066 705 2106 super
720 2051 846 2092 lectos
867 2050 1058 2091 canderet
1074 2050 1197 2091 vestis
1217 2051 1407 2101 eburnos,

407 2118 629 2174 Multaque
643 2119 694 2159 de
714 2132 863 2172 magna
883 2124 1140 2171 superessent
1159 2116 1313 2158 fercula
1333 2133 1463 2169 coena,

406 2186 510 2235 Quae
531 2185 673 2240 procul
693 2184 910 2226 exstructis
931 2184 1091 2225 inerant
1111 2183 1302 2226 hesterna
1313 2186 1511 2228 canistris.

405 2253 521 2306 Ergo
542 2252 614 2294 ubi
635 2267 840 2307 purpurea
859 2260 1089 2307 porrectum
1111 2251 1154 2292 in
1171 2261 1284 2293 veste
1304 2253 1455 2295 locavit

403 2321 640 2374 Agrestem,
663 2319 792 2361 veluti
812 2319 1044 2360 succinctus
1065 2318 1233 2360 cursitat
1254 2319 1415 2375 hospes,

406 2387 716 2441 Continuatque
732 2388 885 2442 dapes;
917 2401 994 2427 nec
1013 2401 1095 2426 non
1117 2386 1335 2427 vernaliter
1355 2387 1455 2441 ipsis

376 2483 378 2487 -
405 2453 615 2508 Fungitur
635 2455 792 2505 officiis,
809 2454 1078 2509 praelambens
1096 2466 1214 2493 omne
1235 2454 1343 2507 quod
1361 2453 1489 2494 affert.

404 2519 485 2560 Ille
506 2522 659 2562 cubans
679 2522 832 2575 gaudet
847 2528 1004 2561 mutata
1024 2528 1144 2569 sorte,
1167 2520 1363 2574 bonisque

403 2582 548 2629 Rebus
565 2588 650 2643 agit
670 2588 812 2629 laetum
833 2588 1073 2634 convivam;
1107 2601 1198 2627 cum
1221 2587 1356 2627 subito
1376 2586 1520 2642 ingens

355 2662 357 2665 “
402 2654 623 2696 Valvarum
645 2655 838 2710 strepitus
859 2655 976 2696 lectis
996 2653 1173 2696 excussit
1194 2663 1426 2709 utrumque.

403 2721 577 2763 Currere
597 2737 670 2777 per
689 2731 818 2764 totum
835 2722 976 2778 pavidi
998 2720 1214 2768 conclave3
1248 2722 1458 2776 magisque

400 2789 625 2832 Exanimes
646 2791 862 2847 trepidare,
884 2790 1005 2832 simul
1025 2790 1170 2831 domus
1190 2789 1272 2831 alta
1295 2789 1489 2831 Molossis

1642 1853 1726 1894 100

1639 2188 1722 2230 105

1638 2523 1721 2564 110
