1962 3268
324 293 390 334 „14
761 306 801 335 Q.
834 304 1028 332 noum-11
1063 305 1227 332 FLAcm

333 406 471 455 Esset,
493 403 743 460 quaesivere;
776 403 886 458 quod
905 418 998 445 acer
1018 403 1184 459 spiritus
1205 419 1252 446 ac
1273 406 1334 446 vis

331 473 374 513 N
377 487 423 513 ec
442 471 575 513 verbis
595 485 671 512 nec
691 471 812 512 rebus
831 471 963 518 inest;
995 471 1074 512 nisi
1094 472 1204 526 quod
1223 472 1328 527 pede
1347 482 1456 514 certo

332 539 485 581 Differt
504 539 694 589 sermoni,
725 551 856 580 sermo
877 553 1023 580 merus.
1084 539 1120 585 Ἥ
1139 541 1200 580 At
1220 548 1336 594 pater
1358 541 1504 582 ardens

334 607 477 657 Saevit,
507 607 619 662 quod
637 605 847 648 meretrice
866 606 992 661 nepos
1012 606 1179 647 insanus
1198 607 1328 649 amica

332 674 483 724 Filius,
513 688 679 715 uxorem
699 673 846 728 grandi
866 687 959 715 cum
981 674 1077 715 dote
1095 683 1269 724 recuset,
1592 675 1648 717 50

333 741 488 783 Ebrius
508 749 549 783 et
571 738 785 796 (magnum
805 741 916 796 quod
936 741 1128 792 dedecus)
1152 741 1334 783 ambulet
1354 751 1449 784 ante

333 809 507 850 Noctem
529 822 622 850 cum
641 807 811 849 facibus.
863 808 910 854 ’Ἥ
925 808 1142 863 Numquid
1163 809 1416 863 Pomponius
1437 809 1527 851 istis

332 875 515 916 Audiret
533 874 701 924 leviora,
732 881 848 928 pater
867 874 902 914 si
922 874 1079 915 viveret
1093 875 1287 930 ?—Ergo

333 943 431 983 Non
452 942 550 983 satis
570 949 631 982 est
651 941 765 996 puris
785 954 946 981 versum
967 941 1216 995 perscribere
1236 943 1395 991 verbis;

334 1011 467 1060 Quem
488 1008 522 1049 si
542 1008 754 1058 dissolvas,
776 1007 912 1063 quivis
936 1008 1213 1050 stomachetur
1232 1011 1374 1052 eodem
1594 1014 1649 1053 55

334 1078 428 1128 Quo
447 1084 687 1131 personatus
706 1083 826 1130 pacto
846 1084 974 1130 pater.
1037 1076 1133 1126 His,
1155 1092 1231 1131 ego
1251 1092 1343 1133 quae
1363 1093 1488 1130 nunc,

335 1145 447 1187 Olim
469 1159 561 1200 quae
582 1143 744 1199 scripsit
765 1143 970 1194 Lucilius,
993 1143 1141 1198 eripias
1162 1144 1195 1185 si

337 1213 545 1267 Tempora
558 1220 667 1253 certa
680 1211 916 1266 modosque,
934 1219 975 1252 et
987 1211 1096 1266 quod
1109 1211 1222 1265 prius
1235 1213 1377 1254 ordine
1391 1214 1559 1255 verbum
1573 1223 1652 1265 est,

336 1279 546 1321 Posterius
565 1278 705 1329 facias,
726 1292 967 1333 praeponens
987 1278 1133 1319 ultima
1153 1278 1320 1333 primis;

336 1348 447 1397 Non,
469 1354 516 1387 ut
537 1346 570 1387 si
591 1346 738 1397 solvas,
770 1347 797 1367 “
821 1347 1044 1400 Postquam
1066 1345 1268 1387 discordia
1288 1354 1393 1388 tetra
1597 1346 1654 1389 60

336 1414 365 1435 “
387 1413 498 1454 Belli
516 1412 686 1454 ferratos
706 1422 857 1467 postes,
879 1421 1098 1467 portasque
1118 1412 1283 1467 refregit
1298 1412 1342 1454 :''

336 1480 530 1522 Invenias
551 1480 674 1522 etiam
696 1480 858 1535 disjecti
879 1480 1059 1521 membra
1081 1480 1237 1520 Poetae.

338 1549 555 1589 Hactenus
574 1547 688 1588 haec:
727 1547 842 1598 alias,
867 1547 1028 1602 justum
1050 1546 1102 1588 sit
1122 1561 1250 1588 necne
1272 1549 1443 1599 Poc’ma,

338 1615 464 1656 Nunc
483 1614 588 1655 illud
607 1627 813 1670 quaeram;
844 1614 1042 1655 meritone
1060 1613 1135 1655 tibi
1156 1614 1210 1655 sit

341 1683 585 1737 Suspectum
606 1696 737 1736 genus
755 1681 834 1723 hoc
856 1681 1072 1723 scribendi.
1134 1681 1297 1723 Sulcius
1317 1697 1408 1724 acer
1599 1682 1655 1725 65

339 1749 558 1799 Ambulat,
579 1757 621 1790 et
642 1748 833 1803 Caprius,
854 1748 968 1790 rauci
987 1749 1108 1799 male,
1130 1763 1302 1804 cumque
1322 1749 1496 1798 libellis;

342 1816 525 1870 Magnus
545 1823 717 1870 uterque
737 1815 861 1856 timor
880 1815 1107 1857 latronibus
1125 1832 1136 1864 ;
1168 1826 1210 1858 at
1230 1817 1332 1858 bene
1352 1817 1479 1873 siquis

340 1884 400 1923 Et
422 1883 535 1923 vivat
554 1882 668 1936 puris
690 1883 892 1932 manibus,
915 1892 1150 1924 contemnat
1168 1892 1397 1939 utrumque.

340 1951 406 1991 Ut
426 1950 480 1990 sis
502 1958 547 1991 tu
568 1949 712 1990 similis
733 1949 843 1990 Coeli
865 1949 1070 2004 Birrique,
1092 1950 1313 2002 latronum,

341 2018 439 2059 Non
460 2031 537 2072 ego
558 2017 634 2058 sim
657 2017 798 2071 Capri,
820 2031 952 2072 neque
975 2017 1116 2065 Sulci;
1152 2019 1238 2069 (cur
1257 2026 1414 2060 metuas
1434 2033 1499 2061 me
1513 2020 1546 2071 ?)
1601 2018 1658 2074 70

341 2085 471 2127 Nulla
492 2085 662 2132 taberna
682 2099 792 2125 meos
812 2083 961 2126 habeat
980 2099 1113 2140 neque
1133 2085 1217 2140 pila
1236 2086 1411 2138 libellos,

343 2153 470 2204 Queis
490 2167 634 2194 manus
655 2152 820 2193 insudet
839 2151 972 2206 vulgi,
1005 2153 1364 2209 Hermogenisque
1386 2153 1559 2209 Tigelli,

343 2222 433 2262 Nec
452 2220 619 2262 recitem
640 2219 877 2275 quidquam,
898 2219 979 2260 nisi
999 2220 1155 2271 amicis,
1175 2220 1299 2276 idque
1319 2230 1497 2274 coactus,

343 2289 441 2330 Non
461 2287 611 2338 ubivis,
633 2301 820 2328 coramve
841 2286 1103 2341 quibuslibet.
1166 2288 1202 2335 Ἥ
1221 2289 1274 2329 In
1294 2289 1429 2331 medio
1447 2289 1519 2345 qui

345 2356 505 2410 Scripta
524 2355 612 2396 foro
631 2355 817 2403 recitent,
839 2362 935 2396 sunt
955 2354 1088 2397 multi.
1132 2356 1169 2403 ἽῙ
1186 2356 1348 2412 Quique
1367 2357 1571 2399 lavantes:
1603 2355 1658 2410 75

345 2424 479 2464 Suave
497 2422 611 2462 locus
631 2422 721 2463 voci
741 2429 906 2463 resonat
927 2422 1154 2464 conclusus.
1216 2424 1368 2464 Inanes

343 2485 439 2531 Hoc
452 2489 589 2545 juvat,
609 2488 723 2530 haud
742 2488 848 2529 illud
867 2498 1109 2543 quaerentes,
1130 2504 1228 2530 num
1249 2490 1336 2531 sine
1356 2504 1491 2540 sensu,

343 2558 550 2611 Tempore
571 2569 669 2595 num
691 2554 844 2596 faciant
865 2555 1010 2596 alieno.
1071 2556 1108 2603 ἽῙ
1125 2557 1299 2598 Laedere
1318 2558 1487 2612 gaudeS,

343 2623 513 2679 Inquis;
547 2630 588 2663 et
607 2621 686 2663 hoc
707 2621 844 2663 studio
864 2636 1015 2677 pravus
1033 2622 1144 2664 facis.
1208 2624 1245 2670 ἹῙ
1261 2624 1389 2666 Unde
1407 2624 1582 2679 petitum
1617 2672 1622 2676 Α

343 2692 440 2732 Hoc
460 2690 503 2731 in
524 2703 590 2731 me
601 2689 732 2744 jacis:
765 2698 827 2731 est
847 2697 988 2731 auctor
1006 2690 1097 2745 quis
1117 2691 1294 2746 denique
1313 2705 1467 2742 eorum,
1602 2694 1659 2735 80

342 2758 439 2800 Vixi
461 2771 554 2799 cum
575 2756 755 2812 quibus?
815 2758 1043 2799 Absentem
1063 2758 1133 2813 qui
1154 2758 1262 2800 rodit
1281 2759 1457 2801 amicum
