1962 3268
0 1386 6 1394 “
0 1361 10 1374 ³
0 1309 4 1315 ⁷
4 1279 11 1291 Ἴ
0 914 22 1272 ff'fss'ffii'lfffflssmffssh’fflffffl‘·

690 304 942 333 CAnmrmM
975 304 1063 332 mn.
1098 306 1170 332 111.
1202 291 1272 333 16.

348 405 464 446 Inter
485 404 628 446 ludere
643 404 839 459 virgines,

403 473 464 514 Et
483 471 613 513 stellis
635 471 827 512 nebulam
848 485 1040 527 spargere
1060 473 1260 516 candidis.

345 539 458 589 Non,
479 538 512 580 si
532 538 634 594 quid
658 537 845 580 Pholoen
866 539 984 588 satis,

403 606 464 647 Et
485 615 540 655 te,
564 603 726 656 Chlori,
748 605 892 647 decet:
926 605 1013 648 filia
1033 607 1186 649 rectius

345 673 574 728 Expugnat
586 671 792 727 juvenum
815 671 974 723 domos,

402 739 532 782 Pulso
553 738 703 795 Thyas
723 739 786 781 uti
807 739 968 782 concita
989 748 1206 795 tympano.

346 807 469 849 Illam
491 807 603 863 cogit
623 821 740 849 amor
762 807 894 849 Nothi

402 874 593 917 Lascivae
614 874 791 917 similem
812 875 956 917 ludere
977 889 1152 930 capreoe:

347 949 414 990 Te
434 947 541 989 lanae
562 962 690 1003 prope
711 947 889 989 nobilem

405 1016 561 1057 Tonsae
584 1014 820 1065 Luceriam,
842 1029 924 1056 non
945 1014 1115 1056 citharae
1137 1014 1298 1066 decent,

347 1084 437 1124 Nec
456 1082 533 1124 flos
555 1097 786 1138 purpureus
807 1097 926 1131 rosae,

405 1151 444 1192 N
449 1165 495 1192 ec
516 1151 602 1206 poti
625 1150 804 1192 vetulam
826 1149 929 1191 faece
951 1156 1070 1190 tenus
1093 1149 1199 1191 cadi.

673 1394 801 1434 ODE
836 1393 965 1434 XVI.
1031 1392 1102 1444 (M.
1135 1398 1248 1449 xvi.)

742 1513 805 1540 AD
840 1513 1160 1542 MAECENATEM.

351 1606 593 1646 Inccusrm
617 1605 794 1646 Danaen
816 1605 939 1647 turris
959 1605 1131 1656 ahenea,

350 1673 634 1728 Robustaeque
653 1671 776 1723 fores,
799 1682 841 1715 et
857 1672 1031 1728 vigilum
1054 1688 1203 1716 canum

294 1748 299 1751 “
350 1739 515 1782 Tristes
534 1739 719 1781 excubiae
740 1739 973 1782 munierant
993 1741 1092 1783 satis
1128 1772 1131 1775 ι

523 1807 751 1849 Nocturnis
772 1807 824 1850 ab
845 1808 1068 1860 adulteris3

351 1873 399 1915 Si
418 1888 501 1915 non
522 1873 750 1926 Acrisium,
772 1875 946 1930 virginis
966 1876 1120 1918 abditae

351 1941 576 1984 Custodem
598 1942 813 1997 pavidum,
830 1943 1001 1997 Jupiter
1016 1955 1058 1985 et
1079 1932 1232 1986 Venus*

350 2008 582 2051 Risissent:
614 2010 701 2052 fore
723 2009 831 2051 enim
854 2017 991 2052 tutum
1012 2011 1092 2053 iter
1111 2020 1152 2054 et
1173 2020 1334 2068 patenS,

527 2078 738 2119 Converso
759 2077 803 2118 in
825 2078 1004 2133 pretium
1026 2079 1135 2122 Deo.

351 2145 519 2187 Aurum
542 2159 615 2200 per
635 2144 792 2186 medios
812 2144 871 2185 ire
894 2145 1107 2196 satellites,

352 2214 414 2255 Et
432 2226 696 2268 perrumpere
716 2219 827 2253 amat
848 2226 958 2258 saxa,
981 2213 1192 2266 potentius

354 2281 451 2322 Ictu
469 2278 693 2320 fulmineo:
727 2278 907 2320 concidit
927 2280 1096 2333 auguris

524 2345 672 2401 Argivi
692 2346 853 2396 domus,
874 2346 927 2388 ob
945 2346 1107 2389 lucrum

355 2417 557 2458 Demersa
577 2413 727 2456 exitio:
760 2413 914 2456 diffidit
935 2415 1100 2457 urbium

356 2484 505 2525 Portas
524 2481 588 2523 vir
609 2481 804 2533 Macedo,
826 2490 868 2523 et
888 2481 1049 2524 subruit
1068 2484 1240 2526 aemulos

354 2551 494 2605 Reges
512 2548 774 2591 muneribus:
806 2563 978 2591 munera
996 2551 1165 2592 navium

530 2618 672 2659 Saevos
692 2617 918 2673 illaqueant
933 2617 1074 2660 duces.

356 2688 678 2728 CnEscEN'rEM
697 2685 881 2741 sequitur
902 2700 1000 2728 cura
1022 2686 1258 2742 pecuniam,

359 2752 648 2808 Majorumque
669 2753 818 2796 fames:
846 2754 942 2809 jure
962 2753 1176 2808 perhorrui

1536 292 1623 337 153.

1570 742 1623 782 10

1571 1086 1624 1126 15

1573 2217 1627 2256 10

1572 2554 1626 2595 15
