1962 3268
396 339 451 391 76
823 357 861 387 Q.
897 357 1092 386 ΗοκΑτΠ
1126 359 1286 387 FLAccx

823 525 910 566 XI.
972 527 1184 578 (METRUM
1219 530 1285 581 11.)

891 654 951 680 AD
985 654 1205 684 PETTIUM.

453 751 618 800 ΡΕΤΤῙ,
639 750 745 792 nihil
766 767 846 804 me,
868 754 974 796 sicut
994 763 1128 805 antea,
1143 755 1265 810 juvat

509 817 695 859 Scribere
714 820 934 862 versiculos
955 836 1091 862 amore
1112 822 1344 877 perculsum
1360 824 1496 879 gravi3

449 884 621 936 Amore,
641 885 712 940 qui
733 900 798 928 me
818 896 966 941 praeter
986 903 1125 930 omnes
1146 890 1302 944 expetit

508 952 711 994 Mollibus
731 954 775 995 in
795 956 931 1010 pueris
953 965 1024 997 aut
1043 957 1086 997 in
1109 957 1259 1011 puellis
1278 973 1407 1000 urere.

449 1019 535 1061 Hic
551 1020 695 1062 tertius
711 1022 955 1071 December,
977 1038 1027 1064 ex
1047 1038 1127 1080 quo
1148 1024 1288 1066 destiti

506 1087 680 1130 Inachia
700 1088 850 1141 furere,
873 1090 1000 1145 sylvis
1022 1090 1218 1133 honorem
1239 1092 1409 1133 decutit.

450 1157 576 1198 Heu!
609 1171 688 1208 me,
710 1172 783 1212 per
804 1159 945 1200 urbem
970 1156 1084 1209 (nam
1105 1159 1234 1214 pudet
1255 1160 1360 1201 tanti
1381 1161 1499 1216 mali)

508 1225 669 1266 Fabula
688 1234 843 1281 quanta
861 1226 922 1267 fui
941 1229 950 1267 Ξ
985 1226 1265 1268 conviviorum
1288 1236 1330 1269 et
1349 1228 1537 1283 poenitet,

452 1291 502 1331 In
520 1292 635 1347 queis
656 1301 858 1335 amantem
882 1302 922 1335 et
942 1293 1117 1349 languor
1137 1302 1178 1336 et
1199 1294 1407 1337 silentium

506 1359 677 1414 Arg-uit,
700 1368 740 1401 et
760 1360 887 1402 latere
907 1361 1062 1418 petitus
1082 1361 1164 1403 imo
1185 1362 1366 1417 spiritus.

450 1426 659 1467 Contrane
679 1427 837 1469 lucrum
858 1428 919 1469 nil
938 1429 1074 1472 valere
1095 1429 1314 1473 candidum

505 1494 705 1549 Pauperis
724 1494 934 1549 ingenium
952 1499 963 1537 ἱ
985 1498 1183 1552 querebar
1202 1497 1420 1554 adplorans
1442 1499 1545 1550 tibi;

451 1560 583 1602 Simul
604 1562 773 1603 calentis
792 1562 1094 1607 inverecundus
1117 1566 1218 1607 deus

506 1627 747 1670 Fervidiora
767 1643 878 1671 mero
894 1645 1041 1677 arcana
1060 1634 1266 1687 promorat
1286 1634 1388 1677 loco.

450 1696 572 1746 Quod
593 1696 627 1737 si
647 1696 748 1738 meis
768 1697 962 1740 inaestuat
982 1700 1216 1753 praecordiis

508 1763 662 1805 Libera
681 1764 791 1816 bilis,
813 1774 860 1807 ut
881 1765 971 1808 haec
990 1766 1152 1823 ingrata
1172 1769 1307 1811 ventis
1327 1770 1487 1814 dividat

451 1832 668 1882 Fomenta,
689 1832 839 1874 vulnus
859 1833 918 1874 nil
940 1834 1092 1876 malum
1113 1835 1313 1885 levantia;

506 1897 682 1940 Desinet
701 1898 924 1953 imparibus
945 1910 1099 1944 certare
1119 1912 1346 1946 summotus
1366 1907 1511 1961 pudor.

450 1965 538 2006 Ubi
558 1964 649 2005 haee
670 1980 833 2007 severus
855 1975 895 2007 te
916 1967 1051 2021 palam
1070 1969 1347 2022 laudaveram,

505 2033 536 2072 J
539 2046 657 2073 ussus
678 2032 789 2074 abire
809 2033 990 2084 domum,
1011 2034 1170 2078 ferebar
1189 2037 1346 2080 incerto
1367 2041 1473 2095 pede

449 2099 523 2140 Ad
542 2113 626 2139 non
647 2099 796 2140 amicos
820 2097 922 2150 (heu
942 2098 974 2154 ἔ)
998 2101 1101 2143 mihi
1121 2112 1272 2159 postes,
1295 2115 1336 2148 et
1357 2107 1455 2161 (heu
1472 2111 1505 2163 Ξ)

507 2166 676 2208 Limina
696 2167 813 2218 dura,
836 2167 984 2223 quibus
1004 2169 1166 2212 lumbos
1187 2180 1229 2213 et
1247 2172 1397 2230 infregi
1418 2175 1538 2218 latus.

450 2234 590 2284 Nunc,
611 2233 825 2289 gloriantis
845 2236 1069 2291 quamlibet
1089 2239 1369 2283 mulierculam

509 2301 681 2343 Vincere
702 2302 891 2355 mollitia,
913 2318 1026 2345 amor
1043 2305 1212 2362 Lycisci
1235 2321 1300 2349 me
1322 2317 1459 2359 tenet;

450 2369 578 2410 Unde
599 2370 892 2424 expedirenon
913 2372 1135 2414 amicorum
1157 2383 1310 2429 queant

508 2436 662 2478 Libera
682 2437 864 2489 consilia,
886 2452 961 2480 nec
981 2441 1239 2482 contumeliae
1258 2457 1430 2497 graves3

451 2505 532 2546 Sed
553 2504 657 2546 alius
678 2506 796 2546 ardor
815 2514 886 2547 aut
906 2507 1056 2561 puellae
1077 2508 1279 2560 candidae,

491 2573 590 2613 ‘Aut
611 2572 749 2614 teretis
768 2573 897 2628 pueri,
918 2574 1081 2629 longam
1101 2577 1336 2619 renodantis
1356 2592 1526 2621 comam.

1656 1366 1714 1407 10

1658 1707 1712 1748 15

1656 2045 1713 2084 20

1653 2382 1712 2422 25
