1962 3268
747 344 1071 373 Elusa-ominum
1106 345 1195 373 mn.
1230 346 1260 373 1.
1292 334 1333 374 2.
1632 333 1709 388 171

379 441 502 493 Quod
517 442 653 499 petiit,
670 443 842 498 spernit,
862 445 1013 500 repetit
1032 446 1143 501 quod
1164 461 1296 503 nuper
1315 448 1481 490 omisit?

375 509 560 562 AEstuat,
580 518 623 553 et
641 510 740 552 vitae
760 510 1020 554 disconvenit
1040 514 1184 556 ordine
1205 518 1324 557 toto?

375 576 535 628 Dimit,
553 576 747 628 aedificat,
770 586 904 620 mutat
924 580 1129 635 quadrata
1149 583 1373 624 rotundis?
1625 584 1712 628 100

375 644 565 687 Insanire
585 654 708 702 putas
728 646 914 688 solennia
935 661 1014 698 me,
1036 647 1169 704 neque
1189 649 1312 700 rides,

371 712 464 755 Nec
483 713 634 756 medici
655 713 787 756 credis
807 729 884 756 nec
904 716 1103 758 curatoris
1124 731 1245 772 egere

372 781 417 822 A
436 789 613 836 praetore
633 781 736 833 dati,
758 797 895 824 rerum
918 783 1049 826 tutela
1067 799 1252 827 mearum

374 848 484 890 Cum
507 848 576 900 sis,
591 858 633 892 et
651 864 778 905 prave
799 860 955 893 sectum
977 852 1244 896 stomacheris
1265 855 1319 897 ob
1338 869 1522 911 unguem

373 916 442 959 De
463 925 504 958 te
521 917 757 972 pendentiS,
781 927 821 961 te
840 920 1099 975 respicientis
1120 921 1257 964 amici.
1621 926 1705 967 105

368 984 437 1027 Ad
457 999 674 1037 summam,
696 986 858 1042 sapiens
879 1003 963 1030 uno
983 989 1118 1031 minor
1138 998 1200 1032 est
1221 992 1349 1042 Jove,
1367 992 1499 1044 dives,

369 1052 517 1104 Liber,
539 1053 779 1107 honoratus,
801 1055 990 1111 pulcher,
1011 1071 1084 1098 rex
1105 1057 1282 1114 denique
1298 1074 1469 1115 regum;

367 1121 586 1177 Praecipue
605 1136 743 1174 sanus,
766 1123 846 1164 nisi
862 1138 956 1165 cum
977 1124 1129 1179 pituita
1150 1126 1320 1169 molesta
1339 1136 1414 1170 est.

817 1408 1135 1451 EPISTOLA
1169 1411 1235 1452 11.

871 1547 935 1574 An
968 1547 1187 1575 nonnum.

362 1659 577 1702 Timum
599 1656 697 1699 belli
722 1656 977 1712 scriptorem,
1005 1658 1183 1702 maxime
1206 1660 1335 1710 Lolli,

360 1727 477 1770 Dum
499 1735 546 1769 tu
566 1725 773 1769 declamas
794 1726 961 1778 Romae,
975 1727 1188 1770 Praeneste
1209 1728 1364 1785 relegi;

360 1795 459 1847 Qui,
475 1795 578 1852 quid
598 1794 652 1837 sit
671 1794 908 1850 pulchrum,
931 1795 1031 1851 quid
1053 1803 1188 1851 turpe,
1209 1796 1312 1853 quid
1332 1797 1449 1849 utile,
1466 1798 1568 1855 quid
1594 1814 1695 1850 non,

358 1863 531 1906 Planius
551 1878 599 1906 ac
620 1862 768 1905 melius
790 1862 1030 1919 Chrysippo
1051 1873 1092 1905 et
1115 1853 1316 1907 Crantore
1338 1865 1454 1908 dicit.

358 1933 448 1976 Cur
466 1933 526 1976 ita
545 1932 806 1983 crediderim,
823 1931 904 1973 nisi
924 1931 1025 1988 quid
1046 1940 1086 1974 te
1107 1932 1280 1984 detinet,
1302 1933 1414 1975 audi.
1667 1938 1696 1977 5

357 2001 535 2053 Fabula,
554 2015 637 2057 qua
650 1999 814 2043 Paridis
835 2008 1004 2056 propter
1023 2009 1215 2042 narratur
1231 2016 1410 2044 amorem

356 2070 524 2114 Graecia
544 2069 754 2113 Barbariae
775 2069 888 2111 lento
909 2068 1052 2111 collisa
1072 2068 1226 2121 duello,

357 2139 588 2182 Stultorum
608 2152 752 2194 regum
774 2146 816 2179 et
829 2137 1078 2193 populorum
1100 2137 1284 2180 eontinet
1305 2148 1445 2180 aestus.

355 2209 549 2250 Antenor
568 2213 708 2248 censet
726 2204 827 2247 belli
846 2204 1071 2259 praecidere
1091 2219 1274 2246 causam.

356 2275 471 2323 Quid
484 2273 633 2316 Paris?
683 2281 732 2315 ut
752 2272 891 2315 salvus
911 2281 1071 2328 regnet,
1092 2273 1288 2330 vivatque
1308 2275 1466 2323 beatus.
1635 2279 1691 2320 10

356 2343 464 2400 Cogi
484 2357 604 2399 posse
623 2349 761 2399 negat.
824 2342 978 2383 Nestor
998 2356 1244 2397 componere
1264 2342 1358 2385 lites

355 2413 472 2455 Inter
491 2411 666 2454 Peliden
685 2410 854 2453 festinat
874 2418 915 2452 et
935 2410 1043 2452 inter
1061 2409 1268 2453 Atriden:

355 2482 486 2524 Hunc
505 2495 632 2532 amor,
653 2480 714 2522 ira
734 2479 902 2536 quidem
924 2478 1198 2522 communiter
1218 2479 1303 2522 urit
1324 2489 1561 2538 utrumque.

354 2549 566 2606 Quicquid
585 2548 764 2591 delirant
783 2563 926 2604 reges;
959 2547 1200 2603 plectuntur
1223 2548 1395 2591 Achivi.

354 2617 579 2667 seditione,
601 2617 723 2669 dolis,
740 2617 906 2669 scelere,
923 2626 1047 2673 atque
1066 2616 1239 2660 libidine
1259 2626 1300 2660 et
1320 2618 1394 2669 ira,
1631 2622 1687 2663 15

354 2687 505 2730 Iliacos
524 2686 634 2730 intra
654 2701 792 2729 muros
812 2694 1022 2742 peccatur,
1045 2694 1086 2728 et
1106 2694 1233 2728 extra.
1655 2685 1658 2688 ’

354 2756 532 2807 Rursus,
553 2755 654 2811 quid
674 2755 806 2797 virtus
826 2763 867 2797 et
887 2755 989 2811 quid
1010 2755 1214 2810 sapientia
1237 2756 1380 2810 possit,

352 2823 473 2867 Utile
493 2822 706 2880 proposuit
722 2823 839 2867 nobis
860 2824 1066 2878 exemplar
1089 2824 1313 2878 Ulyssem:
