1962 3268
656 327 910 356 suanorum
944 326 1034 354 Lm.
1066 326 1118 354 11.
1151 312 1193 354 3.
1542 314 1594 355 41

263 425 420 468 Nescio
440 441 494 470 an
514 426 764 482 Anticyram
785 425 892 468 ratio
912 425 996 467 illis
1017 426 1198 468 destinet
1217 440 1396 468 omnem.

262 491 468 536 Haeredes
491 494 657 537 Staberi
677 507 882 536 summam
901 493 1087 535 incidere
1108 494 1321 549 sepulcr03

261 561 322 603 Ni
342 561 401 603 sic
419 561 630 613 fecissent,
651 560 928 616 gladiatorum
949 561 1048 603 dare
1068 573 1236 603 centurn
1540 563 1598 604 85

260 629 463 671 Damnati
482 629 637 685 populo
657 628 787 684 paria,
809 636 933 684 atque
954 629 1140 684 epulum,
1160 619 1332 672 arbitrio
1354 627 1482 678 Arri;

261 697 481 740 Frumenti
500 704 701 754 quantum
724 696 843 738 metit
864 696 1025 739 Africa·
1088 696 1190 739 Sive
1210 712 1287 752 ego
1305 711 1448 753 prave,

262 765 347 807 Seu
364 774 490 816 recte,
511 765 592 808 hoc
611 764 751 817 volui3
782 779 835 806 ne
856 764 911 806 sis
931 772 1105 820 patruus
1126 764 1244 807 mihi.
1307 766 1445 808 Credo

261 832 364 878 Hoc
387 834 552 876 Staberi
570 833 818 890 prudentem
840 832 1021 875 animum
1046 832 1213 875 vidisse.
1275 833 1390 885 Quid
1410 848 1509 889 ergo

263 899 419 952 Sensit,
441 915 534 943 cum
557 915 757 943 summam
780 900 1004 956 patrimoni
1024 901 1257 958 insculpere
1278 917 1377 944 saxo
1543 904 1600 948 90

262 968 466 1011 Haeredes
487 969 652 1011 voluit?
685 969 834 1020 Quoad
854 969 977 1019 vixit,
1000 969 1177 1011 credidit
1196 969 1342 1025 ingens

262 1036 509 1092 Pauperiem
532 1037 697 1088 vitium,
719 1045 761 1078 et
782 1037 893 1079 cavit
912 1036 1020 1078 nihil
1041 1036 1201 1089 acrius3
1232 1046 1280 1079 ut
1301 1038 1336 1079 si

263 1104 392 1147 Forte
411 1105 551 1147 minus
572 1105 756 1160 locuples
776 1120 861 1158 uno
880 1105 1110 1161 quadrante
1129 1105 1319 1160 perisset,

264 1173 364 1227 Ipse
384 1172 596 1216 videretur
615 1173 694 1214 sibi
715 1172 911 1228 nequior:
945 1173 1078 1214 omnis
1100 1174 1208 1214 enim
1230 1189 1310 1224 res,

262 1239 422 1290 Virtus,
442 1239 567 1289 fama,
590 1240 731 1290 decus,
755 1239 898 1283 divina
917 1239 1180 1297 humanaque
1200 1242 1387 1296 pulchris
1543 1245 1600 1289 95

262 1307 441 1350 Divitiis
460 1315 632 1364 parent;
662 1322 764 1363 quas
783 1307 855 1363 qui
876 1309 1145 1359 contraxerit,
1166 1309 1240 1351 ille

262 1375 413 1418 Clarus
433 1376 525 1427 erit,
547 1375 681 1426 fortis,
696 1375 1159 1432 justus-Sapiensne?
1191 1377 1335 1420 Etiam
1352 1380 1361 1419 ἱ
1395 1387 1437 1420 et
1456 1393 1542 1429 reX,

261 1445 324 1487 Et
343 1444 541 1500 quicquid
560 1444 684 1485 volet.
745 1444 859 1495 Hoc,
881 1444 1013 1486 veluti
1033 1444 1189 1487 virtute
1209 1455 1415 1500 paratum,

264 1513 456 1567 Speravit
476 1527 639 1568 magnae
658 1511 774 1553 laudi
793 1511 893 1553 fore.
956 1512 1070 1563 Quid
1090 1513 1224 1555 simile.
1243 1513 1314 1555 isti

264 1579 440 1621 Graecus
460 1579 714 1635 Aristippus,
735 1578 806 1634 qui
827 1594 965 1621 servos
985 1580 1185 1636 projicere
1205 1596 1349 1623 aurum
1518 1584 1603 1626 100

265 1647 320 1689 In
340 1647 478 1690 media
490 1647 619 1703 jussit
641 1647 798 1702 Libya,
823 1647 920 1702 quia
941 1647 1099 1690 tardius
1119 1649 1227 1691 irent

263 1717 442 1771 Propter
461 1730 565 1757 onus
586 1717 762 1770 segnes?
795 1723 888 1757 nter
908 1724 970 1757 est
990 1715 1172 1758 insanior
1192 1717 1373 1759 horum?

264 1784 340 1826 Nil
359 1783 448 1839 agit
467 1783 718 1839 exemplum,
741 1784 855 1826 litem
877 1785 988 1840 quod
1008 1784 1082 1826 lite
1101 1786 1283 1827 resolvit.

264 1851 404 1907 Siquis
425 1859 534 1893 emat
554 1851 748 1903 citharas,
771 1861 930 1907 emptas
950 1861 1179 1907 comportet
1198 1853 1243 1895 in
1262 1868 1408 1904 unum,

263 1919 356 1961 Nec
375 1919 514 1961 studio
533 1919 704 1963 citharae
725 1935 800 1962 nec
823 1922 963 1961 Musae
983 1919 1149 1961 deditus
1169 1920 1271 1972 ulli;
1519 1924 1602 1965 105

219 2001 223 2006 *
264 1986 310 2028 Si
331 1986 490 2042 scalpra
510 1995 552 2029 et
571 1987 737 2039 formas,
760 2002 841 2029 non
865 1996 1004 2039 sutor;
1034 1988 1202 2030 nautica
1223 1989 1329 2039 vela,

262 2055 446 2097 Aversus
466 2055 729 2097 mercaturis:
763 2055 919 2097 delirus
938 2064 979 2097 et
1000 2070 1141 2098 amens

263 2123 464 2179 Undique
484 2122 648 2165 dicatur
667 2124 827 2165 merito.
890 2124 974 2174 Qui
994 2124 1200 2179 discrepat
1220 2124 1325 2176 istis,

264 2189 349 2240 Qui
368 2204 558 2231 nummos
579 2205 807 2245 aurumque
827 2191 1030 2241 recondit,
1051 2191 1213 2232 nescius
1234 2193 1296 2233 uti

266 2257 532 2312 Compositis,
564 2267 834 2312 metuensque
856 2258 971 2299 velut
992 2258 1230 2313 contingere
1250 2264 1443 2302 sacrum?
1519 2263 1605 2304 110

266 2325 406 2381 Siquis
425 2325 479 2366 ad
498 2325 709 2380 ingentem
729 2325 926 2366 frumenti
947 2339 1107 2381 semper
1127 2341 1318 2369 acervum

266 2394 487 2435 Porrectus
508 2392 668 2449 vigilet,
691 2407 782 2434 cum
805 2393 930 2448 longo
948 2393 1060 2435 fuste
1073 2411 1085 2446 ;
1116 2409 1248 2450 neque
1267 2395 1384 2438 illinc

265 2461 432 2503 Audeat
450 2460 634 2503 esuriens
654 2461 847 2502 dominus
868 2462 1107 2517 contingere
1124 2477 1317 2517 granum,

264 2529 328 2571 Ac
346 2528 485 2584 potius
506 2528 616 2570 foliis
637 2543 785 2584 parcus
806 2538 996 2572 vescatur
1015 2531 1189 2578 amaris:

266 2595 313 2637 Si
331 2595 476 2651 positis
495 2595 610 2638 intus
632 2595 731 2638 Chii
752 2597 984 2654 veterisque
1001 2599 1171 2641 Falerni
1520 2603 1604 2646 115

263 2663 394 2705 Mille
413 2663 690 2706 cadis—nihil
710 2673 796 2706 est:
831 2673 1059 2707 tercentum
1081 2666 1282 2717 millibus,
1305 2681 1396 2709 acre

269 2731 394 2772 Potet
413 2740 597 2773 acetum:
630 2747 722 2787 age,
744 2732 779 2774 si
800 2742 840 2774 et
861 2734 1097 2776 stramentis
1117 2734 1302 2786 incubet.
1322 2735 1456 2781 unde-

272 2797 496 2853 Octoginta
515 2813 642 2842 annos
663 2808 800 2850 natus,
823 2801 888 2843 cui
910 2802 1094 2856 stragula
1115 2802 1255 2852 vestis,
