1962 3268
370 312 454 353 108
795 328 836 357 α.
867 326 1063 356 HoBATII
1095 329 1258 359 FLACCI

370 425 437 464 Te
457 431 650 466 maneant
668 423 827 479 ipsum:
859 427 1049 481 precibus
1068 442 1151 470 non
1171 429 1332 486 linquar
1351 430 1520 481 inultis;
1951 470 1962 491 .;

427 491 575 546 Teque
593 491 756 546 piacula
774 493 889 535 nulla
907 495 1124 537 resolvent.
1951 492 1962 547 ξ

370 559 613 613 Quanquam
634 558 818 610 festinas,
839 575 924 602 non
945 569 1007 602 est
1027 575 1139 604 mora
1158 562 1295 617 longa,
1317 564 1457 606 licebit
1628 568 1685 608 35
1954 559 1962 572 '⁴

427 625 589 680 Injecto
609 633 670 667 ter
689 626 859 680 pulvere
879 642 1029 669 curras.

715 801 842 841 ODE
874 801 1066 843 XXIX.
1129 802 1199 853 (M.
1223 811 1334 858 mx.)

893 913 955 940 AD
978 914 1155 942 ICCIUM.

423 997 537 1046 1001,
559 996 687 1037 beatis
708 1010 818 1038 nunc
839 998 1021 1040 Arabum
1041 999 1202 1041 invides

424 1062 576 1110 Gazis;
606 1070 647 1104 et
667 1077 800 1104 acrem
822 1064 1012 1106 militiam
1033 1080 1152 1120 paras
1952 1079 1962 1107 ἲ

480 1130 578 1170 Non
598 1137 692 1171 ante
713 1130 886 1172 devictis
910 1132 1065 1173 Sabaeae
1793 1183 1795 1185 ,
1955 1132 1962 1180 ἕ

536 1196 739 1251 Regibus,
759 1197 1026 1253 horribilique
1045 1200 1175 1241 Medo

423 1263 566 1304 Nectis
587 1272 761 1307 catenas.
823 1267 927 1316 Quae
948 1265 1022 1307 tibi
1045 1266 1250 1321 virginum
1653 1272 1681 1311 5

423 1331 582 1385 Sponso
601 1339 746 1373 necato
765 1332 935 1374 barbara
955 1333 1133 1374 serviet?

477 1397 583 1438 Puci
607 1397 698 1452 quis
719 1412 770 1439 ex
790 1399 884 1440 aula
903 1399 1064 1453 capillis

535 1464 609 1504 Ad
629 1464 824 1518 cyathum
846 1473 1048 1506 statuetur
1067 1467 1217 1517 unctis,
1948 1476 1962 1522 ς

421 1534 583 1573 Doctus
603 1531 772 1586 sagittas
792 1532 960 1574 tendere
978 1532 1142 1574 Sericas

420 1600 532 1640 Arcu
552 1601 748 1653 paterno?
769 1599 860 1654 quis
881 1607 1004 1654 neget
1024 1599 1164 1641 arduis
1626 1599 1683 1643 10‘

477 1666 635 1706 Pronos
655 1664 782 1706 relabi
804 1680 921 1720 posse
935 1666 1045 1707 rivos

534 1732 764 1783 Montibus,
787 1741 827 1774 et
850 1733 1036 1775 Tiberim
1058 1734 1232 1782 reverti;

421 1801 528 1841 Cum
550 1808 595 1840 tu
616 1808 793 1841 coemtos
814 1800 995 1856 undique
1014 1801 1172 1843 nobiles

420 1866 571 1907 Libros
588 1866 763 1915 Panaeti,
787 1866 1033 1909 Socraticam
1054 1876 1096 1909 et
1116 1869 1297 1918 domum,

477 1934 646 1973 Mutare
666 1932 802 1973 loricis
825 1933 974 1983 Iberis,
1623 1938 1677 1978 15

532 1998 749 2040 Pollicitus
771 1999 953 2049 meliora,
977 2000 1143 2040 tendis?

688 2184 812 2225 ODE
846 2185 1011 2227 XXX.
1085 2187 1151 2238 (M.
1184 2187 1340 2239 xvnl.)

844 2310 906 2336 AD
936 2310 1179 2339 VENEREM.

418 2399 455 2436 O
477 2389 666 2447 VERUS,
688 2395 829 2449 regina
846 2397 970 2438 Cnidi
993 2397 1224 2452 Paphique,

382 2476 384 2480 ’
419 2463 575 2516 Sperne
597 2461 790 2502 dilectam
814 2464 997 2518 Cypron,
1020 2473 1060 2504 et
1081 2463 1266 2504 vocantis

417 2530 533 2575 Ture
553 2536 593 2569 tc
610 2528 740 2568 multo
752 2529 944 2582 Glycerae
966 2531 1156 2571 decoram

586 2594 785 2635 Transfer
804 2594 846 2635 in
868 2597 1012 2637 aedem.
1934 2613 1962 2642 ο·

362 2654 365 2658 ’
417 2661 620 2704 Fervidus
643 2669 775 2702 tecum
798 2676 913 2715 puer,
935 2672 975 2704 et
996 2663 1142 2704 solutis
1649 2666 1676 2704 ὁ

417 2728 577 2772 Gratiae
598 2727 724 2778 zonis,
746 2739 1041 2785 properentque
1063 2730 1286 2786 Nymphae,
