1962 3268
701 318 880 346 EPODON
914 317 1065 346 LIBER.

278 415 401 457 Nessi
422 431 580 468 cruore,
602 433 678 461 nec
701 419 851 460 Sicana
869 418 1028 460 fervida

278 483 417 526 Utens
437 484 479 539 in
502 487 635 528 AEtna
654 486 830 528 flamma
894 487 981 536 Tu,
1004 485 1135 528 donee
1156 487 1261 529 cinis

278 550 498 607 Injuriosis
518 553 658 595 aridus
678 551 814 595 ventis
831 552 955 605 ferar,

275 619 400 662 Cales
420 621 589 662 venenis
608 619 772 663 officina
793 621 1016 664 Colchicis.

273 687 383 736 Quae
401 687 527 730 finis?
558 698 630 731 aut
649 690 759 746 quod
780 703 846 732 me
866 700 1007 733 manet
1026 691 1279 747 stipendium
1299 692 1313 733 ?

274 755 440 798 Effare:
466 757 605 814 jussas
627 772 719 800 cum
740 758 823 801 fide
841 773 989 815 poenas
1008 760 1136 809 luam,

273 827 454 870 Passus
472 828 655 883 expiare,
674 840 748 870 seu
767 829 1003 883 poposceris

274 896 455 939 centum
469 896 689 952 juvencos,
710 897 798 939 sive
818 897 1006 939 mendaci
1026 897 1117 953 lyra

277 963 400 1007 Voles
420 964 578 1007 sonari:
613 973 659 1007 tu
679 965 848 1021 pudica,
871 974 918 1008 tu
938 966 1082 1021 proba,

273 1033 588 1076 Perambulabis
607 1042 718 1077 astra
735 1034 850 1076 sidus
870 1048 1053 1077 aureum.

275 1102 451 1144 Infamis
471 1103 651 1145 Helenae
673 1105 824 1146 Castor
842 1102 1022 1145 offensus
1044 1104 1148 1153 vice,

272 1170 310 1211 F
309 1178 498 1227 raterque
517 1171 658 1227 magni
679 1171 880 1222 Castoris,
900 1171 1001 1213 victi
1021 1186 1156 1227 prece,

270 1237 452 1280 Ademta
471 1238 558 1280 vati
578 1238 796 1281 reddidere
815 1239 986 1282 lumina.

271 1305 333 1348 Et
354 1314 401 1348 tu
421 1307 557 1362 (potes
576 1310 693 1363 nam)
717 1308 829 1350 solve
849 1322 915 1350 me
935 1309 1157 1359 dementia,

270 1375 312 1416 Ο
327 1388 404 1416 nec
423 1375 606 1430 paternis
625 1376 808 1419 obsoleta
827 1376 1034 1428 sordibus,

270 1442 363 1484 Nec
382 1442 426 1484 in
447 1443 676 1499 sepulchris
693 1458 922 1500 pauperum
941 1446 1124 1500 prudens
1145 1461 1247 1488 anus

273 1512 553 1555 Novendiales
573 1513 774 1569 dissipare
793 1514 997 1569 pulveres.

271 1579 375 1621 Tibi
395 1579 602 1637 hospitale
621 1589 781 1636 pectus,
803 1589 845 1622 et
866 1596 981 1637 purae
1000 1596 1147 1623 manus
1167 1600 1177 1630 ;

272 1647 479 1704 Tuusque
498 1657 642 1691 venter
663 1650 952 1699 Pactumeius3
986 1659 1028 1691 et
1050 1661 1121 1692 tuo

272 1716 430 1758 Cruore
450 1717 594 1760 rubros
614 1718 813 1760 obstetrix
831 1733 990 1774 pannos
1011 1718 1128 1770 lavit,

271 1787 500 1843 Utcunque
518 1787 638 1829 fortis
659 1788 798 1830 exsilis
818 1803 1033 1844 puerpera.

769 1903 982 1932 CANIDIA.

267 1982 392 2033 Qun>
413 1980 612 2023 obseratis
632 1979 800 2022 auribus
818 1979 961 2021 fundis
981 1994 1121 2035 preces
1139 1983 1156 2020 ?

269 2051 368 2109 Non
389 2064 487 2092 saxa
505 2048 629 2090 nudis
648 2047 835 2090 surdiora
853 2047 1006 2089 navitis

268 2119 492 2174 Neptunus
512 2117 598 2159 alto
618 2116 759 2158 tundit
778 2116 978 2158 hibernus
999 2116 1096 2158 salo.

268 2185 436 2228 Inultus
456 2194 504 2227 ut
524 2194 572 2227 tu
590 2184 728 2226 riseris
749 2183 937 2239 Cotyttia

206 2277 214 2282 ·
271 2253 466 2309 Vulgata,
488 2265 646 2294 sacrum
668 2250 787 2293 liberi
809 2250 1032 2305 Cupidinis
1051 2251 1064 2291 ?

268 2321 331 2363 Et
349 2319 559 2376 Esquilini
581 2318 778 2360 Pontifex
798 2318 973 2361 venefici

271 2390 451 2446 Impune
470 2396 518 2430 ut
536 2387 680 2429 urbem
701 2386 868 2428 nomine
888 2386 1072 2442 impleris
1094 2402 1184 2428 meo
1201 2387 1215 2428 ἓ
1285 2415 1291 2417 -

268 2457 384 2505 Quid
402 2455 596 2513 proderat
615 2455 768 2497 ditasse
790 2454 987 2510 Pelignas
1006 2469 1124 2506 anus,

267 2524 515 2567 velociusve
535 2522 746 2565 miscuisse
767 2522 949 2565 toxicum
966 2525 983 2564 ?

269 2593 352 2635 Sed
373 2592 553 2635 tardiora
570 2591 656 2634 fata
677 2600 717 2634 te
738 2591 846 2633 votis
866 2599 1059 2633 manent:

269 2661 440 2717 Ingrata
459 2659 607 2702 misero
627 2659 714 2702 vita
733 2660 923 2702 ducenda
943 2668 1020 2711 est,
1041 2660 1085 2702 in
1106 2659 1201 2711 hoc,

268 2727 402 2771 Novis
422 2735 470 2769 ut
490 2742 618 2784 usque
638 2736 832 2783 suppetas
852 2728 1074 2770 laboribus.

267 2798 400 2851 Optat
421 2795 601 2851 quietem
626 2795 793 2851 Pelopis
810 2796 963 2837 infidus
985 2805 1115 2851 pater,

1285 2866 1371 2904 GQ

1494 306 1553 348 83

1491 628 1550 668 35

1494 1313 1548 1353 45

1490 2117 1545 2157 55
