1962 3268
640 292 892 331 CARMINUM
927 302 1017 330 ιῐΒ.
1041 303 1071 330 1.
1096 289 1163 330 12.

293 403 407 455 Quid
427 402 542 459 prius
563 403 698 445 dicam
719 402 852 444 solitis
876 400 1067 443 Parentis

294 470 543 514 Laudibus?
574 470 647 525 qui
668 485 732 511 res
752 468 968 510 hominum
988 483 1037 510 ac
1060 469 1262 520 Deorum,

295 538 379 590 Qui
394 553 504 581 mare
524 545 566 579 et
587 545 729 586 terras,
752 536 959 591 variisque
977 537 1179 578 mundum

466 607 694 660 Temperat
714 603 851 645 horis:

294 674 423 717 Unde
443 673 503 715 nil
524 673 657 729 majus
675 680 898 728 generatur
917 672 1022 727 ipso,

293 742 386 784 Nec
405 740 521 796 viget
541 740 767 797 quidquam
788 740 938 791 simile,
960 750 1032 782 aut
1055 740 1282 782 secundum
1300 757 1308 781 :

254 836 257 838 v
293 808 511 851 Proximos
532 807 593 849 illi
616 815 752 850 tamen
776 809 996 863 occupavit

469 877 609 919 Pallas
629 876 819 919 honores.

295 944 463 987 Proeliis
483 945 635 995 audaX,
657 959 790 1000 neque
811 954 852 986 te
874 945 1018 996 silebo,

295 1012 439 1064 Liber,
460 1021 502 1055 et
522 1012 644 1055 saevis
663 1013 830 1055 inimica
851 1014 968 1070 virgo

296 1081 440 1123 Beluis
458 1099 468 1131 ;
502 1096 578 1123 nec
600 1089 640 1123 te
660 1082 884 1124 metuende
904 1090 1014 1125 certa

469 1149 631 1192 Phoebe
652 1150 818 1205 sagitta.

297 1217 447 1259 Dicam
467 1225 509 1263 et
530 1218 733 1265 Alciden;
768 1233 998 1275 puerosque
1021 1220 1168 1270 Ledae,

297 1286 428 1327 Hunc
449 1285 581 1341 equis,
603 1285 721 1327 illum
745 1301 938 1342 superare
959 1287 1113 1342 pugnis

297 1348 517 1399 Nobilem3
551 1366 725 1407 quorum
748 1351 871 1394 simul
891 1352 985 1395 alba
1006 1352 1145 1394 nautis

471 1418 602 1461 Stella
620 1419 799 1470 refulsit,

297 1485 460 1529 Defluit
481 1487 589 1529 saxis
610 1487 791 1543 agitatus
810 1488 986 1537 humor3

297 1554 537 1596 Concidunt
556 1555 685 1605 venti,
706 1555 955 1612 fugiuntque
974 1556 1120 1608 nubes,

297 1625 358 1666 Et
378 1624 520 1666 minax
542 1621 674 1680 (quod
695 1625 753 1667 sic
774 1625 962 1680 voluere)
985 1635 1114 1681 ponto

470 1693 601 1735 Unda
620 1693 836 1736 recumbit.

298 1761 528 1803 Romulum
549 1770 643 1817 post
662 1761 739 1804 hos
758 1763 888 1818 prius,
910 1778 962 1806 an
982 1763 1168 1820 quietum

298 1828 676 1886 Pompiliregnum
698 1845 938 1884 memorem,
960 1846 1013 1875 an
1029 1832 1227 1888 superbos

299 1899 506 1956 Tarquini
524 1898 670 1951 fasces,
692 1900 853 1952 dubito,
875 1913 927 1943 an
949 1900 1123 1943 Catonis

469 1967 624 2010 Nobile
641 1968 788 2010 letum.

298 2035 528 2091 Regulum,
550 2044 593 2078 et
614 2037 804 2090 Scauros,
826 2037 1057 2094 animaeque
1077 2051 1239 2094 magnae

297 2102 544 2159 Prodigum,
567 2105 704 2150 Poeno
725 2113 959 2161 superante,
983 2106 1179 2159 Paulum,

300 2163 460 2214 Gratus
477 2172 633 2228 insigni
651 2172 825 2214 referam
848 2176 1047 2224 Camena,

474 2240 806 2296 Fabriciumque.

302 2308 447 2359 Hunc,
469 2316 511 2350 et
531 2308 722 2350 incomtis
744 2308 919 2350 Curium
941 2309 1101 2366 capillis

300 2375 463 2419 Utilem
484 2376 592 2418 bello
613 2376 726 2427 tulit,
748 2385 789 2418 et
810 2377 1036 2420 Camillum

303 2445 425 2487 Saeva
442 2453 679 2501 paupertaS,
703 2454 743 2487 et
764 2445 900 2488 avitus
921 2455 1018 2502 apto

474 2513 582 2555 Cum
605 2513 690 2555 lare
709 2513 878 2556 fundus.

304 2578 479 2634 Crescit,
499 2581 661 2623 occulto
677 2582 791 2624 velut
811 2583 931 2626 arbor
951 2599 1055 2636 aevo,

303 2649 437 2690 Fama
458 2648 674 2690 Marcelli:
707 2649 832 2692 micat
851 2650 960 2694 inter
979 2667 1120 2696 omnes

302 2717 335 2758 J
338 2716 468 2758 ulium
490 2716 619 2765 sidus,
641 2717 757 2760 velut
776 2718 884 2762 inter
903 2720 1021 2776 ignes

478 2786 602 2827 Luna
623 2786 813 2828 minores.

1511 289 1568 332 95

1516 537 1570 578 15

1516 878 1572 917 20

1518 1221 1575 1260 25

1519 1904 1576 1944 35

1523 2245 1580 2285 40

1523 2591 1577 2630 45
