1962 3268
0 379 9 403 'k
28 385 29 390 η

0 414 15 443 ’ἓῖ

0 470 6 482 ;
12 459 22 483 ,¹³

0 484 17 501 ³-

0 504 16 541 *³1

0 560 15 589 ’ᾗ

0 590 13 651 ἱ.
19 606 23 610 ι

0 669 14 703 ''rss

6 761 16 783 τ

2 809 7 816 μ

0 854 5 868 ³

658 300 913 328 SERMONUM
949 300 1037 327 LIB.
1072 299 1120 327 11.
1153 287 1193 326 2.
1531 285 1587 328 35

254 401 293 450 ἹῘ
310 401 460 444 Dicam
483 402 516 443 si
538 409 695 457 potero.
755 400 874 441 Male
887 414 1028 440 verum
1050 399 1258 441 examinat
1278 399 1410 441 omnis

254 470 489 526 Corruptus
501 468 645 525 judex.
710 467 916 521 Leporem
938 474 1132 516 sectatus,
1154 481 1312 522 equove

254 537 411 579 Lassus
430 537 483 579 ab
501 534 719 586 indomito,
744 531 846 584 (vel,
862 532 898 574 si
921 534 1113 575 Romana
1131 533 1282 589 fatigat
1527 536 1581 576 10

252 606 410 648 Militia
429 612 637 648 assuetum
660 602 862 653 Graecari,
885 616 957 643 seu
977 601 1064 656 pila
1083 601 1221 652 velox,

252 673 442 715 Molliter
462 680 670 715 austerum
692 670 831 713 studio
849 669 1020 712 fallente
1040 670 1236 722 laborem,
1261 671 1273 681 '

252 741 336 783 Seu
358 750 396 783 te
412 740 552 783 discus
572 739 674 796 agit,
694 746 790 795 pete
810 738 1023 780 cedentem
1045 743 1142 780 ae‘ra
1162 738 1312 789 disco‚)

248 807 359 851 Cum
381 808 496 850 labor
515 806 723 850 extuderit
743 805 924 858 fastidia,
946 806 1094 857 siccus,
1115 806 1250 849 inanis

249 878 407 933 Sperne
427 877 564 919 cibum
586 875 734 924 vilem;
767 874 848 916 nisi
862 875 1084 930 Hymettia
1098 875 1222 917 mella
1239 875 1418 917 Falerno
1523 875 1578 916 15

248 945 317 987 Ne
335 945 487 988 biberis
509 944 666 987 diluta:
698 943 799 985 foris
820 951 880 985 est
901 957 1084 999 promus,
1104 952 1146 986 et
1167 951 1302 985 atrum

246 1014 489 1056 Defendens
509 1013 641 1069 pisces
661 1012 818 1054 hiemat
840 1025 950 1053 mare
967 1028 978 1059 ς
1014 1027 1106 1054 cum
1130 1012 1214 1054 sale
1234 1012 1354 1067 panis

248 1082 493 1124 Latrantem
514 1080 772 1123 stomachum
792 1080 897 1121 bene
917 1079 1057 1121 leniet.
1119 1080 1248 1122 Unde
1268 1088 1405 1135 putas,
1428 1088 1500 1122 aut

246 1149 333 1200 Qui
352 1158 515 1206 partum
534 1152 552 1190 ?
585 1149 626 1191 N
629 1163 683 1190 on
702 1147 746 1189 in
766 1162 862 1190 caro
884 1148 1028 1189 nidore
1049 1148 1240 1204 voluptas

247 1218 433 1267 Summa,
455 1217 528 1273 sed
548 1217 593 1258 in
614 1217 746 1272 teipso
767 1225 842 1258 est.
905 1217 978 1257 Tu
996 1216 1274 1271 pulmentaria
1293 1231 1432 1272 quaere
1520 1217 1576 1256 20

246 1285 470 1327 Sudando:
503 1285 701 1341 pinguem
722 1283 851 1335 vitiis,
872 1284 1108 1340 albumque,
1130 1299 1263 1341 neque
1283 1294 1431 1335 ostrea,

245 1353 337 1395 Nec
358 1368 512 1405 scarus,
534 1361 606 1395 aut
626 1352 779 1408 poterit
797 1352 1015 1408 peregrina
1029 1353 1180 1408 juvare
1199 1353 1344 1408 lagois.

245 1421 330 1463 Vix
352 1430 488 1464 tamen
505 1421 690 1476 eripiam,
711 1421 847 1477 posito
868 1435 1043 1476 pavone,
1065 1421 1168 1462 velis
1188 1421 1290 1478 quin

247 1491 344 1532 Hoc
363 1490 517 1546 potius,
540 1504 663 1545 quam
685 1489 856 1545 gallina,
888 1497 1047 1544 tergere
1068 1489 1268 1544 palatum,

247 1556 482 1614 Corruptus
503 1556 620 1599 vanis
640 1547 777 1599 retum
794 1573 806 1604 ς
839 1556 937 1612 quia
956 1565 1104 1599 veneat
1125 1571 1224 1598 auro
1521 1559 1577 1599 25

248 1626 362 1667 Rara
382 1625 484 1676 avis,
506 1634 548 1667 et
568 1625 681 1681 picta
699 1625 856 1680 pandat
871 1624 1107 1679 spectacula
1127 1625 1286 1667 cauda:

246 1694 466 1749 Tanquam
489 1693 542 1735 ad
562 1707 646 1734 rem
666 1692 842 1735 attineat
861 1692 1094 1748 quicquam.
1155 1694 1270 1735 Num
1292 1694 1468 1736 vesceris
1481 1695 1574 1746 ista,

245 1762 382 1813 Quam
402 1760 562 1812 laudas,
583 1761 758 1816 pluma?
790 1768 906 1803 cocto
925 1774 1026 1802 num
1048 1761 1164 1803 adest
1194 1761 1325 1804 honor
1344 1762 1487 1805 idem?

246 1829 382 1871 Carne
402 1837 538 1871 tamen
560 1829 749 1886 quamvis
769 1829 896 1872 distat
915 1828 1023 1870 nihil
1051 1829 1130 1872 hac
1151 1831 1280 1887 magis
1301 1831 1387 1882 illa,

246 1897 483 1953 Imparibus
502 1897 645 1939 formis
665 1898 884 1954 deceptum
906 1906 948 1939 te
967 1906 1097 1953 patet,
1117 1907 1205 1940 esto
1222 1915 1232 1940 ε
1516 1901 1574 1942 30

245 1966 373 2008 Unde
393 1966 536 2008 datum
558 1966 700 2017 sentis,
722 1966 846 2022 lupus
867 1966 936 2008 hic
959 1966 1199 2018 Tiberinus,
1221 1982 1275 2009 an
1297 1968 1381 2010 alto

243 2034 405 2090 Captus
424 2034 527 2086 hiet,
549 2043 749 2091 pontesne
771 2035 879 2077 inter
892 2035 1092 2091 jactatus,
1114 2051 1166 2078 an
1187 2037 1321 2079 amnis

243 2103 365 2145 Ostia
385 2103 463 2146 sub
484 2103 897 2154 Tusci?—Laudas,
919 2104 1079 2155 insane,
1100 2105 1300 2147 trilibrem

245 2170 448 2222 Mullum,
469 2170 514 2212 in
535 2170 700 2226 singula
711 2184 834 2227 quem
851 2172 1013 2214 minuas
1033 2173 1248 2228 pulmenta
1268 2190 1432 2218 necesse
1453 2186 1515 2218 est

245 2238 377 2280 Ducit
397 2246 439 2280 te
458 2238 615 2294 species
632 2256 644 2288 ;
678 2239 819 2281 video:
853 2254 935 2295 quo
955 2240 1135 2295 pertinet
1156 2257 1268 2298 ergo,
1515 2247 1572 2286 35

247 2307 444 2348 Proceros
464 2306 598 2349 odisse
617 2307 768 2363 lupos?
806 2307 905 2363 quia
924 2308 1080 2352 scilicet
1098 2309 1180 2352 illis

248 2374 454 2430 Majorem
473 2382 622 2417 natura
641 2376 808 2417 modum
831 2376 962 2428 dedit,
983 2376 1050 2419 his
1069 2378 1193 2421 breve
1211 2381 1388 2435 pondus.

243 2443 274 2484 J
276 2442 426 2499 ejunus
445 2456 535 2485 rare
554 2443 789 2487 stomachus
810 2444 998 2501 vulgaria
1018 2448 1179 2490 temnit.

247 2511 490 2554 Porrectum
509 2526 660 2568 magno
681 2527 878 2569 magnum
899 2524 1084 2570 spectare
1104 2517 1242 2559 catino

247 2579 422 2631 Vellem,
443 2580 501 2622 ait
522 2582 725 2637 Harpyiis
744 2583 844 2638 gula
863 2583 991 2639 digna
1011 2585 1242 2640 rapacibus.
1288 2589 1351 2630 At
1372 2604 1444 2632 vos
1517 2594 1573 2633 40

247 2646 475 2689 Praesentes
496 2649 646 2691 Austri
667 2650 830 2707 coquite
850 2651 997 2693 horum
1020 2653 1189 2696 obsonia
1208 2671 1217 2696 ι
1251 2659 1440 2712 quamvis

248 2716 376 2757 Putet
395 2730 492 2771 aper
511 2717 789 2775 rhombusque
809 2735 966 2772 recens,
988 2721 1098 2764 mala
1117 2724 1236 2779 copia
1255 2728 1420 2781 quando

248 2782 429 2838 AEgrum
451 2783 627 2828 solicitat
657 2787 940 2838 stomachum3
974 2805 1067 2832 cum
1089 2793 1234 2847 rapula
1254 2795 1400 2849 plenus

1319 2867 1405 2906 υἱ.)
