1962 3268
324 274 408 317 246
755 288 794 319 Q.
826 288 1023 318 noum-11
1056 285 1222 317 FLAccr

325 389 522 432 Offendar
543 388 728 439 maculis,
747 403 848 445 quas
869 396 940 430 aut
960 388 1119 431 incuria
1138 387 1262 439 fudit,

324 459 417 499 Aut
436 458 616 499 humana
635 472 779 512 parum
801 457 909 499 cavit
930 465 1088 499 natura.
1149 456 1261 508 Quid
1282 472 1377 512 ergo
1398 465 1459 499 est
1473 458 1495 499 Ρ

324 527 388 567 Ut
410 526 581 580 scriptor
602 526 635 566 si
651 534 792 580 peccat
813 526 921 567 idem
942 526 1130 567 librarius
1150 540 1295 581 usque,

325 591 529 640 Quamvis
543 602 603 634 cst
624 594 819 645 monitus,
834 594 955 634 venia
978 602 1112 641 caret;
1147 601 1187 635 et
1208 594 1462 653 citharoedus?
1559 595 1651 637 355

324 661 520 711 Ridetur,
543 661 695 703 chorda
715 662 786 716 qui
807 676 965 716 semper
986 662 1146 703 oberrat
1167 662 1307 703 eadem
1324 678 1334 702 ;

325 729 396 770 Sic
416 729 534 780 mihi,
556 730 627 784 qui
649 730 825 770 multum
847 738 990 780 cessat,
1013 730 1060 770 fit
1083 729 1292 771 Choerilus
1313 729 1398 780 ille,

325 797 458 848 Quem
479 796 544 838 bis
567 805 709 852 terque
730 798 897 846 bonum,
920 811 1012 837 cum
1034 797 1120 838 risu
1140 797 1284 844 miron
1318 806 1360 838 et
1380 797 1488 839 idem

327 865 530 919 Indignor
549 865 792 919 quandoque
811 864 943 904 bonus
964 863 1158 904 dormitat
1178 862 1417 905 Homerus?

327 933 481 973 Verum
500 931 612 985 operi
633 930 755 985 longo
776 931 837 972 fas
858 939 919 972 est
940 931 1134 985 obrepere
1154 945 1354 972 somnum.
1561 931 1651 973 360

326 1000 391 1041 Ut
410 999 586 1054 pictura,
607 998 763 1053 po'e'sis:
787 998 863 1039 erit
883 1012 990 1054 quae,
1013 999 1047 1039 si
1066 998 1234 1053 propius
1256 1007 1337 1040 stes

328 1069 395 1109 Te
415 1067 551 1122 capiat
572 1066 716 1121 magis,
739 1074 780 1107 et
795 1067 999 1122 quaedam,
1022 1066 1055 1107 si
1077 1066 1239 1121 longius
1261 1067 1408 1108 abstes.

326 1136 436 1176 Haec
457 1142 566 1176 amat
587 1134 819 1184 obscurum,
835 1130 944 1175 vol'et
963 1133 1055 1175 haec
1076 1135 1151 1176 sub
1171 1134 1262 1176 luce
1282 1133 1427 1185 videri,

326 1203 357 1243 J
359 1202 491 1244 udicis
508 1209 697 1257 argutum
719 1216 812 1256 quae
831 1216 913 1242 non
933 1201 1126 1244 formidat
1147 1217 1316 1244 acumen
1332 1218 1341 1243 :

325 1269 435 1312 Haec
454 1270 612 1325 placuit
633 1269 771 1320 semel,
796 1269 886 1311 haec
906 1269 1040 1311 decies
1060 1270 1234 1326 repetita
1253 1270 1444 1325 placebit,
1561 1268 1651 1313 365

328 1339 366 1380 O
388 1338 517 1393 major
529 1338 748 1393 juvenum,
770 1337 955 1393 quamvis
977 1345 1017 1379 et
1034 1352 1135 1379 voce
1154 1345 1325 1392 paterna

326 1405 520 1461 Fingeris
540 1406 592 1447 ad
611 1413 783 1456 rectum,
805 1414 845 1447 et
865 1419 939 1460 per
958 1412 999 1446 te
1015 1405 1137 1460 sapis,
1159 1404 1238 1446 hoc
1252 1405 1333 1446 “tibi
1354 1405 1511 1447 dictum

328 1473 453 1514 Tolle
473 1487 648 1521 memor;
682 1472 801 1514 certis
823 1472 1003 1514 medium
1018 1480 1060 1514 et
1080 1472 1290 1515 tolerabile
1309 1473 1429 1515 rebus

327 1541 462 1582 Recte
482 1540 672 1581 concedi:
705 1540 915 1581 consultus
925 1540 1032 1595 juris
1053 1548 1093 1582 et
1115 1548 1228 1582 actor

328 1610 555 1649 Causarum
578 1606 793 1649 mediocris
814 1608 928 1649 abest
949 1607 1102 1649 virtute
1122 1608 1264 1649 diserti
1459 1634 1461 1637 -
1561 1607 1652 1662 370

327 1673 538 1723 Messalae,
560 1687 637 1714 nec
652 1672 728 1713 scit
749 1681 946 1728 quantum
970 1673 1196 1714 Cascellius
1212 1673 1368 1722 Aulus;

329 1738 411 1779 Sed
433 1746 569 1778 tamen
591 1737 631 1778 in
653 1738 787 1792 pretio
808 1745 894 1785 est;
928 1737 1201 1779 mediocribus
1222 1753 1309 1780 esse
1327 1738 1463 1793 poetis

327 1803 425 1843 Non
445 1802 647 1853 homines,
669 1816 751 1843 non
773 1802 862 1852 Dii,
881 1816 963 1843 non
985 1816 1217 1845 concessere
1237 1803 1451 1845 columnae.

327 1862 391 1906 Ut
410 1873 547 1919 gratas
568 1865 674 1906 inter
694 1880 854 1907 mensas
876 1866 1121 1921 symphonia
1140 1867 1294 1909 discors

326 1931 387 1971 Et
407 1945 584 1971 crassum
606 1939 879 1984 unguentum,
900 1939 941 1972 et
964 1932 1093 1973 Sardo
1113 1947 1206 1973 cum
1223 1933 1343 1975 melle
1364 1948 1542 1989 papaver
1561 1932 1650 1988 375

326 1997 581 2045 Offendunt3
614 2005 774 2051 poterat
794 1997 890 2038 duci
910 1998 1006 2052 quia
1027 2013 1144 2040 coena
1163 2000 1250 2040 sine
1271 2000 1385 2042 istis:

328 2065 398 2107 Sic
418 2064 564 2106 animis
585 2071 727 2105 natum
749 2064 1043 2119 inventumque
1062 2065 1208 2120 poema
1220 2066 1435 2121 juvandis,

329 2132 374 2173 Si
392 2132 562 2186 paulum
584 2146 608 2173 a
629 2145 787 2172 summo
808 2131 996 2183 decessit,
1018 2132 1152 2187 vergit
1174 2134 1227 2174 ad
1246 2133 1388 2176 imum.

327 2200 494 2241 Ludere
515 2199 586 2254 qui
605 2198 736 2240 nescit
757 2199 1050 2253 campestribus
1071 2200 1248 2242 abstinet
1267 2202 1404 2254 armis,

326 2267 605 2321 Indoctusque
625 2265 723 2320 pilae
742 2266 896 2307 discive
912 2267 1094 2310 trochive
1114 2268 1302 2324 quiescit,
1559 2273 1650 2315 380

329 2336 396 2376 Ne
417 2333 558 2388 spissae
581 2333 706 2380 risum
730 2333 877 2374 tollant
897 2333 1065 2389 impune
1086 2351 1271 2378 coronae:

328 2401 411 2452 Qui
431 2402 576 2451 nescit,
593 2415 734 2442 versus
756 2409 891 2442 tamen
912 2403 1037 2443 audet
1057 2403 1229 2459 fingere!
1264 2405 1301 2452 ἹῙ
1323 2405 1437 2456 Quid
1456 2407 1526 2449 ni?

327 2464 457 2510 Liber
476 2476 517 2510 et
537 2468 756 2523 ingenuus,
778 2471 1003 2524 praesertim
1021 2485 1166 2512 census
1187 2481 1414 2528 equestrem

329 2538 539 2578 Summam
558 2550 835 2587 nummorum,
856 2537 1039 2593 vitioque
1057 2548 1237 2581 remotus
1257 2542 1309 2583 ab
1329 2543 1453 2584 omni.

328 2604 369 2651 ἿῙ,
386 2605 459 2645 Tu
478 2603 579 2644 nihil
602 2603 733 2644 invita
752 2604 864 2645 dices
883 2604 1058 2647 faciesve
1078 2606 1271 2649 Minerva
1287 2625 1298 2656 ;
1557 2614 1647 2656 385

327 2671 384 2714 Id
403 2671 478 2713 tibi
491 2670 696 2726 judicium
718 2679 793 2722 est,
815 2686 862 2713 ea
882 2686 1018 2714 mens:
1052 2674 1188 2729 siquid
1207 2683 1343 2718 tamen
1363 2677 1460 2720 olim

331 2738 564 2795 Scripseris,
587 2738 628 2780 in
653 2739 780 2781 Maeci
795 2739 1015 2782 descendat
1029 2741 1183 2795 judicis
1204 2757 1335 2795 aures,
