1962 3268
0 1245 9 1260 w
0 881 25 1194 <-.’·ν<-.-’-κηυ<υ“’ύιυ-τκ
12 844 13 847 Α
0 801 6 820 *·-
0 730 17 777 ζ»,
10 691 11 694 „

18 889 22 891 ,
20 742 35 755 ,ο
26 712 33 719 ἱ
19 672 22 674 ,

638 343 889 373 CARMINUM
924 345 1013 372 mn.
1045 346 1076 373 1.
1107 333 1176 374 25.
1198 332 1265 375 26.

346 439 387 480 N
390 453 444 481 on
464 439 569 482 lenis
588 443 778 497 precibus
797 443 884 485 fata
902 443 1129 494 recludere,

346 507 480 562 Nigro
499 509 744 564 compulerit
767 509 1004 551 Mercurius
1022 511 1153 565 gregi.

343 575 532 616 Durum:
567 589 652 616 sm)
673 575 806 617 levius
825 575 874 617 fit
893 576 1109 631 patientia,

574 642 784 698 Quicquid
804 643 1006 698 corrigere
1026 652 1090 686 est
1111 644 1239 687 nefas.

645 822 771 863 ODE
806 821 962 863 XXV.
1003 820 1095 872 (Μ.
1118 826 1272 878 xv111.)

808 915 870 941 AD
899 915 1098 942 LYDIAM.

341 979 545 1020 PAacms
568 978 737 1033 junctas
759 979 953 1035 quatiunt
972 980 1172 1023 fenestras

342 1045 504 1087 Ictibus
525 1046 677 1088 crebris
699 1047 878 1103 juvenes
898 1049 1096 1103 protervi,

341 1114 432 1156 Nec
452 1112 527 1155 tibi
547 1128 711 1155 somnos
731 1114 946 1163 adimunt;
981 1124 1174 1171 amatque

569 1182 601 1223 J
603 1196 712 1224 anua
732 1181 874 1233 limen,

339 1250 445 1300 Quae
465 1248 579 1304 prius
601 1250 777 1291 multum
799 1249 933 1291 facilis
955 1251 1145 1293 movebat

339 1317 567 1360 Cardines:
600 1318 720 1360 audis
742 1318 879 1359 minus
900 1327 942 1360 et
962 1318 1100 1360 minus
1123 1319 1229 1374 jam,

337 1386 414 1428 Me
434 1395 506 1428 tuo
525 1386 672 1441 longas
692 1394 892 1441 pereunte
912 1395 1068 1437 noctes,

570 1453 726 1509 Lydia,
747 1453 901 1495 dormis
918 1455 936 1494 ?

272 1565 281 1572 ,
342 1520 529 1562 Invicem
551 1520 736 1562 moechos
757 1535 860 1562 anus
881 1530 1117 1575 arrogantes

342 1587 486 1629 Flebis
505 1587 549 1629 in
571 1587 657 1630 solo
677 1587 780 1630 levis
801 1588 1037 1644 angiportu,

342 1655 778 1698 Thracio⁴bacchante
799 1656 930 1711 magis
951 1656 1029 1697 sub
1049 1655 1188 1706 inter-v

571 1722 686 1765 lunia
706 1732 853 1765 vento:

341 1792 450 1832 Cum
472 1790 550 1832 tibi
573 1790 749 1846 flagrans
770 1806 898 1842 amor,
921 1800 962 1833 et
982 1791 1112 1834 libido

340 1860 447 1910 Quae
467 1859 571 1906 solet
591 1868 742 1901 matres
762 1859 916 1902 furiare
936 1874 1149 1916 equorum,

341 1927 495 1969 Saeviet
516 1926 624 1969 circa
646 1927 769 1983 jecur
788 1927 1044 1976 ulcerosum;

569 1995 667 2037 Non
689 1995 778 2037 sine
798 2004 962 2051 questu,

339 2061 463 2105 Laeta
482 2063 593 2119 quod
613 2063 745 2119 pubes
765 2063 918 2106 hedera
938 2065 1096 2107 virente

339 2130 535 2173 Gaudeat
557 2131 671 2187 pulla
694 2131 825 2187 magis
846 2140 970 2188 atque
991 2143 1153 2189 myrt0;

341 2197 496 2239 Aridas
515 2197 681 2239 frondes
704 2193 884 2252 Hyemis
905 2200 1035 2241 sodali

575 2265 756 2306 Dedicet
777 2266 906 2307 Euro.

640 2421 770 2463 ODE
804 2422 987 2466 XXVI.
1050 2425 1115 2477 (M.
1140 2427 1250 2478 xlx.)

749 2518 816 2550 DE
840 2520 953 2547 AEmo
974 2521 1144 2550 LAMIA.

340 2589 490 2630 Musns
512 2589 686 2640 amicus,
709 2590 918 2633 tristitiam
940 2601 981 2634 et
1003 2602 1137 2635 metus

341 2656 524 2698 Tradam
546 2657 750 2712 protervis
770 2657 813 2699 in
835 2673 946 2700 mare
969 2661 1181 2703 Creticum

399 2724 572 2765 Portare
593 2724 755 2773 ventis;
791 2726 907 2781 queis
927 2724 1004 2770 sub
1025 2730 1158 2772 Arcto

460 2791 554 2833 Rex
572 2792 722 2847 gelidae
744 2803 951 2836 metuatur
971 2811 1067 2846 orae,

1536 335 1621 377 105

1564 650 1622 689 20

1570 1595 1624 1636 10

1552 1918 1617 1975 ’15

1562 2275 1620 2315 20
