1962 3268
395 281 476 323 120
811 296 851 325 Q.
884 293 1080 323 nonu-11
1113 294 1279 324 FLAcm

452 391 516 434 Sit
536 404 638 434 meae
657 392 779 434 sedes
792 392 948 435 utinam
971 394 1144 435 senectae
1160 410 1172 445 ;

451 458 517 500 Sit
544 459 690 501 modus
708 459 815 502 lasso
836 460 958 502 maris
978 468 1020 502 et
1040 460 1197 502 viarum

621 526 871 583 Militiaeque
888 544 897 568 ε

448 593 576 635 Unde
596 593 631 634 si
652 594 797 635 Parcae
817 593 1035 648 prohibent
1055 593 1224 649 iniquae,

449 660 586 702 Dulce
604 660 758 716 pellitis
785 660 929 702 ovibus
951 659 1094 703 Galesi

450 727 629 770 Flumen
649 735 691 769 et
716 736 886 782 regnata
906 736 1041 783 petam
1065 728 1222 770 Laconi

620 795 739 837 Rura
759 794 1007 837 Phalantho.

450 859 531 901 Ille
552 868 748 902 terrarum
769 857 871 902 mihi
891 858 1041 915 praeter
1060 873 1198 902 omnes

449 926 645 981 Angulus
665 927 772 969 ridet
790 944 801 976 ;
834 929 906 969 ubi
926 942 1008 968 non
1031 926 1237 982 Hymetto

450 993 584 1036 Mella
604 994 822 1046 decedunt,
843 992 1045 1050 viridique
1071 1002 1199 1036 certat

621 1061 755 1103 Bacca
778 1062 955 1103 Venafro
973 1077 981 1102 ε

450 1129 533 1170 Ver
553 1127 625 1170 ubi
644 1128 828 1183 longum,
851 1128 1091 1184 tepidasque
1111 1128 1265 1183 praebet

447 1195 616 1250 Jupiter
635 1196 814 1248 brumas,
836 1205 876 1239 et
897 1196 1051 1238 amicus
1072 1196 1214 1237 Aulon

448 1261 596 1303 Fertili
619 1262 783 1304 Baccho
803 1263 1018 1304 minimum
1040 1259 1228 1305 Falernis

621 1330 792 1372 Invidet
818 1330 923 1372 uvis.
967 1379 970 1382 Δ

448 1397 528 1438 Ille
550 1404 591 1438 te
611 1411 770 1439 mecum
792 1398 905 1439 locus
925 1400 970 1439 et'
986 1396 1118 1439 beatae

447 1464 666 1506 Postulant
686 1478 797 1506 arces
811 1481 832 1524 ;¹
853 1464 911 1506 ibi
932 1473 977 1505 tu
998 1465 1196 1506 calentem

446 1531 601 1572 Debita
622 1544 788 1585 sparges
807 1525 979 1572 lacrima'
994 1530 1177 1572 favillam
1230 1554 1233 1557 ·

617 1597 734 1639 Vatis
753 1595 887 1640 amici.

785 1788 917 1830 oDE
946 1789 1049 1831 vn.
1110 1791 1180 1839 (Μ.
1203 1793 1317 1845 m.)

786 1897 847 1924 AD
872 1897 1110 1926 POMPEIUM
1134 1899 1308 1926 VARUM.

446 1977 488 2020 O
510 1991 624 2020 SAEPF:
655 1990 813 2018 mecum
836 1973 1062 2032 tempus'in'
1082 1978 1274 2020 ultimum

446 2047 637 2088 Deducte
659 2045 791 2086 Bruto
810 2043 971 2085 militiae
999 2045 1119 2096 duce,

503 2113 607 2165 Quis
626 2121 666 2154 te
686 2111 901 2153 redonavit
921 2111 1124 2162 Quiritem

559 2180 655 2221 Diis
675 2178 832 2234 patriis,
855 2178 1045 2234 Italoque
1074 2178 1192 2230 coelo,

445 2247 634 2302 Pompei,
656 2260 837 2288 meorum
858 2244 989 2301 prime
1017 2246 1248 2288 sodalium?

445 2315 553 2356 Cum
573 2329 654 2370 quo
673 2321 899 2354 morantem
927 2326 1035 2368 saepe
1054 2312 1162 2354 diem
1183 2327 1293 2355 mero

501 2381 653 2435 Fregi‚'
666 2388 881 2422 coronatus
901 2379 1078 2421 nitentes

558 2446 824 2490 Malobathro
847 2447 966 2502 Syrio
986 2446 1165 2501 capillos

446 2517 607 2557 Tecum
630 2515 846 2570 Philippos
866 2522 907 2555 et
926 2513 1095 2555 celerem
1117 2513 1257 2568 fugam

449 2571 582 2632 Sensi,
603 2583 745 2624 relicta
764 2596 846 2623 non
866 2582 969 2623 bene
988 2581 1187 2635 parmula,

501 2651 609 2692 Cum
627 2649 757 2691 fracta
778 2648 921 2699 virtus,
943 2657 984 2690 et
1010 2648 1187 2691 minaces

561 2719 706 2772 Turpe
726 2716 857 2760 solum
879 2716 1050 2772 tetigere
1071 2724 1219 2759 mento.

1658 664 1712 704 10

1657 1001 1711 1043 15

1648 2582 1717 2627 10.
1751 2600 1754 2602 ⁷
