1962 3268
741 568 793 614 Q.
825 567 868 608 H
874 567 1084 608 ORATII
1116 566 1334 609 FLACCI

472 646 1048 740 EPODON
1144 677 1611 740 LIBER.

848 896 883 935 I.
932 895 1145 946 (METRUM
1179 896 1224 946 1.)

826 1008 887 1034 Al)
921 1007 1236 1035 MAECENATEM.

436 1091 531 1134 Inis
552 1093 751 1134 Liburnis
767 1093 875 1135 inter
896 1094 980 1135 alta
1000 1094 1183 1145 navium,

487 1160 653 1211 Amice,
674 1161 998 1215 propugnacula,

432 1229 608 1269 Paratus
627 1242 746 1269 omne
762 1229 938 1270 Caesaris
953 1229 1179 1283 periculum

489 1295 650 1345 Subire,
673 1297 900 1341 Maecenas,
916 1299 1018 1337 tuo?

431 1362 543 1413 Quid
562 1377 651 1412 nos,
672 1362 820 1418 quibus
842 1371 882 1404 te
903 1363 988 1404 vita
1008 1363 1042 1404 si
1063 1363 1281 1418 superstite

486 1430 517 1470 J
519 1431 712 1479 ucunda;
746 1430 779 1471 si
801 1439 956 1481 contra,
978 1431 1146 1485 gravis?

430 1499 639 1539 Utrumne
652 1497 760 1552 jussi
780 1512 1069 1553 persequemur
1089 1498 1234 1547 otium,

486 1566 583 1606 Non
604 1565 739 1615 dulce,
761 1564 806 1605 ni
827 1573 961 1606 tecum
979 1564 1133 1606 simul?

429 1634 502 1674 An
517 1632 629 1675 hunc
648 1633 828 1674 laborem
850 1642 987 1674 mente
1007 1632 1145 1684 laturi,
1165 1632 1283 1674 decet

485 1703 576 1752 Qua
596 1700 700 1742 ferre
718 1715 801 1742 non
821 1700 963 1742 molles
984 1700 1122 1740 viros?

428 1769 653 1815 Feremus3
686 1776 727 1808 et
749 1776 789 1809 te
810 1767 875 1808 vel
896 1782 969 1821 per
991 1767 1157 1822 Alpium
1173 1768 1293 1822 juga,

487 1834 787 1889 Inhospitalem
809 1843 850 1876 et
873 1836 1121 1885 Caucasum,

427 1901 506 1943 Vel
526 1901 750 1943 occidentis
770 1916 899 1956 usque
920 1903 971 1943 ad
993 1902 1188 1943 ultimum
1208 1901 1358 1950 sinum,

484 1968 603 2009 Forti
625 1982 839 2024 sequemur
860 1977 1035 2022 pectore.

427 2036 582 2090 Roges‚
599 2044 715 2077 tuum
731 2035 869 2077 labore
885 2035 984 2090 quid
991 2035 1134 2089 juvem
1157 2048 1261 2083 meo,

484 2103 670 2144 Imbellis
689 2117 735 2144 ac
755 2102 897 2144 firmus
917 2116 1060 2157 parum
1078 2104 1095 2142 ?

426 2172 576 2211 Comes
596 2170 752 2211 minore
773 2184 861 2211 sum
881 2169 1046 2211 futurus
1068 2169 1111 2209 in
1133 2177 1261 2219 metu,

483 2237 565 2288 Qui
582 2238 711 2293 major
731 2238 918 2279 absentes
939 2236 1079 2278 habet.

425 2306 489 2346 Ut
510 2305 691 2347 assidens
711 2305 979 2360 implumibus
994 2303 1119 2359 pullis
1134 2303 1221 2345 avis

483 2373 742 2427 Serpentium
760 2372 952 2427 adlapsus
968 2372 1099 2421 timet,

375 2483 378 2487 ,
426 2440 568 2494 Magis
588 2440 769 2488 relictis3
802 2454 900 2489 non,
922 2447 970 2480 ut
990 2437 1112 2488 adsit,
1133 2437 1262 2479 auxili

483 2507 643 2548 Latura
662 2504 755 2561 plus
774 2506 1059 2561 praesentibus.

424 2573 624 2614 Libenter
644 2574 723 2615 hoc
738 2582 779 2615 et
800 2587 919 2614 omne
938 2572 1182 2613 militabitur

480 2641 646 2682 Bellum
666 2641 711 2682 in
730 2649 814 2682 tuae
835 2654 946 2694 spem
967 2639 1135 2694 gratiae3

423 2707 521 2750 Non
540 2716 588 2749 ut
600 2707 792 2763 juvencis
811 2706 972 2761 illigata
990 2706 1177 2761 pluribus

481 2778 634 2817 Aratra
652 2775 836 2817 nitantur
856 2773 971 2823 meis,

1668 1365 1695 1404 Q(

1641 1699 1696 1739 10

1637 2035 1691 2075 15

1633 2371 1690 2410 20
