1962 3268
393 342 478 386 226
825 357 866 387 Q.
893 357 1088 386 RoRA'rn
1121 357 1286 386 FLAcer
1347 365 1357 389 5

399 456 540 498 Poscit
558 470 676 511 opem
698 455 860 505 choum,
882 464 924 498 et
942 457 1163 512 praesentia
1181 456 1352 499 numina
1371 457 1495 500 sentit
1511 473 1523 506 ς
1619 508 1622 511 Ι
1681 504 1684 508 4

397 523 598 566 Coelestes
616 523 809 579 implorat
828 537 953 580 aquas
972 525 1094 568 docta
1112 539 1233 580 prece
1251 524 1426 567 blandus
1441 542 1452 575 ;
1630 527 1730 577 135,

396 591 566 634 Avertit
584 592 759 642 morbos,
780 589 1001 634 metuenda
1018 592 1202 648 pericula
1220 591 1363 646 pellit;

397 658 599 713 Impetrat
618 667 660 700 et
678 673 836 714 pacem,
856 667 897 701 et
916 659 1162 714 locupletem
1182 659 1369 715 frugibus
1388 675 1555 702 annum.

394 725 587 768 Carmine
606 725 682 767 Dii
701 726 837 781 superi
856 726 1086 782 placantur,
1106 725 1284 768 carmine
1306 728 1469 769 Manes.

393 792 599 847 Agricolae
619 792 759 848 prisci,
779 793 917 845 fortes,
939 807 1144 849 parvoque
1164 794 1287 844 beati,
1626 832 1630 844 ι
1716 836 1720 840 ,

393 859 572 901 Condita
591 867 685 914 post
703 859 924 910 frumenta,
944 860 1127 902 levantes
1147 869 1328 915 tempore
1347 860 1452 903 festo
1625 863 1714 906 140

392 927 572 982 Corpus,
594 935 636 968 et
654 926 789 982 ipsum
809 926 989 968 animum
1012 942 1084 982 spe
1102 927 1196 968 finis
1217 928 1319 970 dura
1337 928 1550 980 ferentem,

392 996 499 1036 Cum
520 994 638 1036 sociis
658 1008 841 1049 operum,
862 993 1014 1048 pueris,
1036 1002 1077 1035 et
1099 994 1274 1050 conjuge
1292 994 1389 1046 fida,

392 1061 604 1103 Tellurem
625 1075 763 1116 porco,
787 1060 1014 1115 Sylvanum
1034 1060 1141 1103 lacte
1159 1061 1343 1117 piabant,

388 1128 580 1170 Floribus
600 1136 641 1170 et
661 1127 758 1169 vino
779 1128 976 1179 Genium,
996 1142 1216 1171 momorem
1237 1129 1372 1171 brevis
1393 1130 1485 1172 sevi.

387 1195 645 1237 Fescennina
663 1210 736 1250 per
754 1195 866 1238 hunc
885 1196 1054 1238 inventa
1066 1196 1233 1238 licentia
1250 1211 1404 1238 morem
1619 1200 1704 1241 145

383 1264 582 1306 Versibus
603 1264 768 1306 alternis
788 1264 1005 1319 opprobria
1024 1263 1179 1305 rustica
1195 1262 1332 1311 fudit;

385 1331 657 1387 Libertasque
676 1339 928 1373 recurrentes
948 1339 1116 1386 accepta
1135 1345 1208 1386 per
1228 1345 1357 1373 annos

382 1398 505 1440 Lusit
521 1398 764 1448 amabiliter,
786 1398 916 1440 donec
928 1399 1017 1454 jam
1038 1412 1172 1440 saevus
1193 1406 1373 1453 apertam

382 1466 436 1507 In
455 1466 608 1508 rabiem
629 1466 733 1507 verti
754 1466 880 1520 coepit
892 1466 1028 1521 jocus,
1050 1474 1090 1507 et
1109 1480 1182 1520 per
1201 1464 1394 1506 honestas

382 1535 451 1575 Ire
471 1534 612 1574 domos
631 1533 800 1587 impune
819 1532 981 1574 minax:
1014 1532 1182 1573 doluere
1202 1539 1372 1573 cruento
1613 1533 1699 1576 150

379 1601 519 1642 Dente
537 1600 713 1642 lacessiti
729 1616 740 1651 ;
770 1599 851 1641 fuit
869 1599 1033 1641 intactis
1053 1614 1214 1655 quoque
1235 1614 1332 1641 cura

378 1668 627 1709 Conditione
648 1682 768 1722 super
788 1667 1019 1709 communi:
1051 1667 1150 1722 quin
1173 1667 1295 1708 etiam
1315 1667 1383 1708 lex
1429 1682 1431 1684 ·

376 1736 589 1790 Poenaque
608 1734 835 1786 lata,⁴malo
854 1748 948 1790 quae
966 1735 1094 1776 nollet
1114 1735 1292 1777 carmine
1313 1749 1544 1791 quenquam

373 1803 590 1844 Describi:
623 1811 780 1845 vertere
800 1802 982 1854 modum,
1001 1803 1220 1845 formidine
1239 1803 1375 1854 fustis,
1600 1856 1602 1858 ‚
1642 1858 1646 1859 ⁷

372 1871 445 1911 Ad
462 1871 785 1912 benedicendum
805 1870 1174 1927 delectandumque
1193 1870 1363 1912 redacti.
1399 1903 1402 1908 .
1607 1871 1692 1914 155

373 1937 538 1979 Graecia
557 1947 676 1993 capta
694 1938 823 1979 ferum
846 1938 1040 1980 victorem
1062 1938 1186 1993 cepit,
1209 1946 1249 1980 et
1270 1946 1379 1980 artes

372 2004 522 2046 Intulit
542 2005 691 2059 agresti
713 2005 859 2046 Latio:
892 2005 949 2046 sic
970 2005 1160 2046 horridus
1180 2006 1251 2047 ille

371 2071 559 2113 Defluxit
578 2086 771 2112 numerus
794 2071 1023 2122 Saturnius,
1045 2080 1086 2112 et
1105 2087 1229 2126 grave
1250 2072 1361 2113 virus

370 2140 596 2182 Munditiae
616 2140 834 2195 pepulere:
867 2139 968 2180 sed
958 2153 1000 2179 m
1020 2139 1190 2194 longum
1214 2148 1350 2182 tamen
1370 2154 1504 2181 aevum

370 2210 633 2258 Mamer-unt,
653 2206 857 2262 hodieque
877 2214 1044 2248 manent
1063 2207 1237 2262 vestigia
1255 2208 1373 2249 ruris.
1568 2256 1570 2258 ¹
1599 2208 1685 2252 160
1707 2261 1709 2263 .

371 2277 494 2318 Serus
514 2275 622 2317 enim
645 2274 806 2317 Graecis
821 2274 1003 2316 admovit
1022 2274 1210 2316 acumina
1230 2274 1408 2324 chartis;
1634 2292 1635 2295 ¹

368 2345 429 2385 Et
447 2351 540 2398 post
561 2343 720 2396 Punica
738 2342 847 2384 bella
867 2342 1043 2398 quietus,
1064 2356 1245 2397 quaerere
1260 2342 1387 2398 coepit

367 2411 479 2461 Quid
499 2410 723 2466 Sophocles
743 2418 784 2452 et
800 2410 978 2465 Thespis
997 2419 1038 2452 et
1060 2410 1286 2465 AEschylus
1304 2410 1407 2452 utile
1425 2410 1590 2454 ferrent.

324 2470 327 2475 ¹
364 2479 561 2520 Tentavit
580 2493 742 2534 quoque
760 2492 845 2520 rem
863 2494 875 2526 ς
909 2478 943 2518 si
963 2477 1087 2532 digne
1109 2485 1265 2519 vertere
1284 2485 1447 2532 posset;
1638 2529 1640 2531 q

365 2548 426 2588 Et
439 2546 600 2600 <placuit
620 2546 711 2596 sibi,
734 2554 879 2589 natura
899 2545 1084 2587 sublimis
1100 2554 1140 2586 et
1159 2560 1251 2586 acer
1267 2561 1276 2586 :
1585 2545 1668 2589 165

299 2648 301 2652 .
364 2615 472 2655 Nam
495 2613 622 2668 spirat
637 2614 839 2668 tragicum
858 2614 969 2663 satis,
991 2621 1032 2654 et
1050 2612 1224 2654 feliciter
1243 2613 1367 2654 audet
1383 2629 1395 2661 ;

364 2682 446 2723 Sed
467 2690 625 2736 turpem
647 2690 764 2735 putat
784 2681 929 2722 inscite
949 2680 1175 2735 metuitque
1193 2679 1373 2722 lituram.

363 2749 571 2799 Creditur,
593 2762 644 2789 ex
664 2748 800 2790 medio
820 2748 916 2804 quia
934 2763 998 2790 res
1018 2747 1197 2798 arcessit,
1216 2747 1368 2790 habere

364 2815 533 2857 Sudoris
548 2815 785 2864 minimum
821 2817 893 2858 sed
913 2816 1037 2858 habet
1058 2815 1274 2878 Comoedia
1293 2824 1407 2858 tanto
