1962 3268
689 344 942 372 mammon
973 341 1060 370 un.
1089 341 1119 369 1.
1152 330 1221 369 28.
1537 323 1623 379 '107

612 489 741 530 ODE
783 488 1025 532 XXVIII.
1088 487 1160 539 (M.
1187 490 1286 542 111.)

831 605 1092 633 ARCHYTAS.

298 691 374 733 TE
395 688 519 732 maris
538 696 580 731 et
601 696 722 731 terrae
741 701 995 742 numeroque
1016 686 1193 729 carentis
1214 701 1349 728 arenae

356 757 597 799 Mensorem
618 755 827 807 cohibent,
847 753 1049 810 Archyta,

298 824 491 867 Pulveris
511 823 652 880 exigui
670 837 799 879 prope
818 822 937 865 littus
956 837 1085 878 parva
1103 822 1316 864 Matinum

356 893 563 935 Munera:
596 906 672 934 nec
692 891 919 947 quidquam
939 891 1017 934 tibi
1036 891 1203 947 prodest

298 959 450 1002 Aerias
470 958 650 1002 tentasse
670 959 828 1010 domos,
850 959 1067 1014 animoque
1087 958 1310 1000 rotundum
1602 960 1629 999 5

356 1027 617 1070 Percurrisse
636 1027 794 1083 polum,
815 1027 1026 1069 morituro.

300 1095 468 1138 Occidit
487 1103 530 1138 et
550 1095 719 1150 Pelopis
739 1095 916 1151 genitor,
938 1094 1113 1137 conviva
1133 1095 1317 1137 Deorum
1335 1111 1347 1143 ς

359 1162 655 1218 Tithonusque
673 1170 855 1204 remotus
873 1162 917 1203 in
938 1177 1075 1214 auras,

300 1231 363 1273 Et
381 1231 413 1272 J
416 1229 511 1272 ovis.
525 1229 684 1272 arcanis
706 1229 850 1275 Minos
870 1229 1098 1271 admissus:
1131 1229 1367 1285 habentque

311 1294 314 1297 ’
360 1298 540 1340 Tartara
559 1295 841 1348 Panthoiden,
861 1297 1012 1339 iterum
1034 1299 1145 1340 Orco
1579 1300 1634 1341 10

302 1365 568 1414 Demissum;
598 1365 789 1421 quamvis
810 1365 956 1421 clypeo
978 1365 1166 1421 Trojana
1185 1364 1313 1407 refixo

361 1436 572 1491 Tempora
592 1442 782 1485 testatus,
803 1433 910 1475 nihil
929 1433 1040 1475 ultra

303 1503 465 1545 Nervos
485 1511 609 1558 atque
629 1510 765 1544 cutem
786 1501 910 1543 morti
930 1509 1183 1543 concesserat
1203 1509 1330 1551 atrae3

360 1572 391 1612 J
393 1570 515 1613 udice
536 1579 592 1620 te,
613 1584 696 1612 non
718 1569 908 1612 sordidus
929 1578 1072 1611 auctor

303 1637 480 1681 Naturae
500 1637 681 1694 verique.
745 1638 838 1679 SED
860 1651 1002 1679 omnes
1020 1651 1104 1679 una
1123 1645 1263 1679 manet
1281 1652 1378 1688 nox,
1580 1641 1634 1682 15

361 1706 423 1747 Et
443 1705 640 1748 calcanda
661 1705 786 1747 semel
806 1705 875 1748 via
894 1704 980 1747 leti.
1161 1701 1165 1707 ’

304 1774 424 1815 Dant
443 1773 546 1815 alios
569 1773 712 1815 Furiae
733 1780 850 1814 torvo
871 1773 1105 1828 spectacula
1126 1773 1285 1816 Marti:

362 1840 508 1883 Exitio
527 1849 590 1902 est
610 1840 779 1883 avidum
801 1855 913 1883 mare
932 1841 1082 1883 nautis.

305 1907 439 1950 Mista
459 1923 601 1950 senum
624 1923 672 1951 ac
692 1908 899 1964 juvenum
920 1909 1147 1951 densentur
1165 1908 1335 1952 funera:
1369 1909 1531 1952 nullum

364 1974 486 2019 Saeva
505 1985 631 2032 caput
651 1976 901 2032 Proserpina
919 1976 1042 2033 fugit.
1580 1980 1636 2020 20

305 2044 383 2086 Me
402 2058 565 2101 quoque
584 2044 732 2093 devexi
750 2044 921 2100 rapidus
940 2058 1076 2087 comes
1097 2044 1264 2087 Orionis

363 2111 547 2167 Illyricis
567 2113 707 2155 Notus
727 2111 866 2154 obruit
887 2112 1023 2154 undis.

307 2180 371 2220 At
390 2188 438 2221 tu
456 2188 599 2229 nauta,
621 2194 739 2237 vagae
759 2195 811 2221 ne
830 2195 952 2235 parce
971 2180 1179 2234 malignus
1200 2194 1335 2222 arenae

366 2247 541 2289 Ossibus
561 2256 604 2288 et
624 2247 751 2302 capiti
770 2246 988 2288 inhumato

310 2313 564 2356 Particulam
586 2315 707 2356 dare:
742 2314 815 2365 sic,
837 2314 1110 2370 quodcunque
1131 2314 1356 2356 minabitur
1375 2316 1517 2357 Eurus
1585 2316 1640 2357 25

368 2382 589 2425 Fluctibus
610 2382 843 2444 Hesperiis,
864 2382 1091 2424 Venusinae

309 2451 553 2493 Plectantur
573 2451 706 2503 silvae,
729 2459 770 2493 te
790 2450 971 2507 sospite;
1002 2450 1214 2507 multaque
1234 2465 1404 2503 merces,

367 2519 496 2561 Unde
514 2527 666 2575 potest,
688 2519 764 2562 tibi
784 2518 939 2561 defluat
960 2534 1079 2575 aequo

310 2588 384 2629 Ab
403 2588 528 2639 Jove,
551 2589 833 2644 Neptunoque
853 2587 957 2630 sacri
978 2588 1149 2631 custode
1167 2588 1352 2632 Tarenti.

370 2655 560 2710 Negligis
581 2655 797 2698 immeritis
817 2656 1048 2699 nocituram
1585 2659 1642 2698 30

313 2723 536 2765 Postmodo
557 2732 598 2765 te
617 2724 726 2766 natis
745 2724 933 2767 fraudem
955 2725 1210 2768 committere
1227 2725 1240 2767 ?
1305 2727 1409 2768 Fors
1429 2734 1470 2768 et

372 2791 529 2833 Debita
551 2791 648 2847 jura
669 2791 860 2847 vicesque
882 2794 1068 2848 superbae
