1962 3268
413 286 497 341 170
841 301 881 331 α.
913 300 1108 329 noum-11
1142 301 1304 331 mascel

412 399 485 441 Nil
506 400 686 441 conscire
707 399 799 450 sibi,
821 401 936 442 nulla
956 401 1175 457 pallescere
1196 402 1329 458 culpa.

411 465 563 506 Roscia
584 462 670 510 (dic
690 465 826 520 sodes)
850 466 991 507 melior
1010 467 1090 517 lex,
1112 482 1164 508 an
1185 482 1402 525 puerorum
1423 477 1485 510 est

409 530 574 581 Naenia,
595 545 687 585 quae
708 545 877 585 regnum
898 540 1006 573 recte
1026 531 1268 574 facientibus
1289 533 1421 584 offert,

410 596 470 636 Et
491 595 671 636 maribus
694 595 833 637 Curiis
853 605 894 637 et
915 597 1130 638 decantata
1152 598 1338 639 Camillis
1356 601 1373 639 ?

410 661 508 702 Isne
529 660 603 701 tibi
623 660 769 701 melius
790 661 948 711 suadet,
969 661 1053 716 qui,
1076 663 1181 703 Rem
1202 662 1351 710 facias3
1376 677 1475 714 rem,
1673 662 1731 706 65

411 724 455 766 Si
475 725 619 779 possiS‚
641 733 774 773 recte;
808 725 842 766 si
862 740 958 775 non,
983 740 1225 781 quocunque
1245 727 1367 768 modo
1386 742 1487 779 rem,

409 789 473 831 Ut
492 789 659 844 propius
680 798 837 844 spectes
857 789 1071 832 lacrimosa
1090 797 1280 845 poemata
1302 793 1436 847 Pupi:

407 855 481 895 An
502 854 572 909 qui
591 853 767 894 fortunae
789 862 829 894 te
848 868 1084 908 responsare
1104 856 1292 909 superbae

407 918 607 960 Liberum
629 927 669 959 et
690 927 868 959 erectum
889 933 1068 973 praesens
1088 918 1275 961 hortatur
1295 930 1336 961 et
1356 924 1500 975 aptat?

408 983 530 1032 Quod
551 983 586 1023 si
607 997 669 1023 me
691 982 867 1036 populus
890 983 1105 1024 Romanus
1124 983 1229 1026 forte
1249 993 1379 1040 roget,
1401 1000 1473 1027 cur
1671 984 1729 1040 70

406 1047 519 1094 Non,
541 1055 587 1088 ut
607 1046 847 1101 porticibus,
869 1046 926 1088 sic
939 1046 1110 1102 judiciis
1129 1048 1242 1090 fruar
1262 1049 1422 1100 iisdem,

406 1112 496 1153 Nec
518 1126 677 1167 sequar,
699 1120 771 1153 aut
790 1111 963 1166 fugiam,
985 1126 1078 1168 quae
1099 1112 1236 1168 diligit
1256 1114 1358 1169 ipse,
1380 1115 1446 1156 vel
1467 1114 1575 1157 odit:

407 1177 519 1218 Olim
540 1177 649 1232 quod
670 1176 815 1231 vulpes
836 1188 989 1232 aegroto
1011 1186 1130 1219 cauta
1150 1179 1258 1220 leoni

407 1242 655 1297 Respondit,
677 1242 847 1283 referam
864 1258 872 1283 :
908 1242 1017 1292 Quia
1038 1257 1102 1285 me
1123 1244 1296 1299 vestigia
1314 1253 1466 1287 terrent

406 1306 559 1347 Omnia
579 1314 619 1347 te
640 1306 854 1347 adversum
879 1307 1120 1361 spectantia,
1142 1308 1256 1349 nulla
1277 1318 1509 1351 retrorsum.
1670 1311 1726 1365 75

406 1371 538 1413 Belua
551 1370 771 1411 multorum
788 1385 830 1411 es
847 1371 1026 1426 capitum
1043 1388 1051 1412 :
1075 1387 1167 1414 nam
1182 1374 1283 1429 quid
1298 1375 1471 1431 sequar?
1493 1384 1564 1418 aut
1579 1376 1725 1432 quem?

409 1434 509 1477 Pars
528 1434 740 1475 hominum
762 1435 887 1488 gestit
905 1436 1131 1476 conducere
1152 1437 1338 1491 publica:
1372 1447 1469 1480 sunt
1487 1439 1558 1494 qui

406 1500 567 1543 Crustis
588 1507 628 1540 et
648 1498 779 1554 pomis
800 1498 946 1540 viduas
966 1508 1167 1541 venentur
1186 1516 1342 1554 avaras,

402 1564 713 1620 Excipiantque
734 1578 864 1615 seneS‚
886 1579 986 1619 quos
1007 1564 1051 1605 in
1073 1565 1228 1608 vivaria
1249 1567 1438 1610 mittant:

402 1632 553 1674 Multis
569 1632 730 1674 occulto
751 1631 894 1673 crescit
914 1647 977 1674 res
997 1633 1164 1675 foenore.
1230 1635 1379 1677 Verum
1668 1640 1726 1681 80

404 1701 510 1742 Esto
531 1699 622 1741 aliis
643 1699 744 1740 alios
765 1699 888 1741 rebus
910 1699 1138 1757 studiisque
1161 1703 1313 1751 teneri;

405 1767 540 1809 Iidem
560 1767 701 1808 eadem
722 1775 894 1821 possunt
914 1766 1057 1809 horam
1079 1769 1225 1811 durare
1245 1772 1491 1826 probantes?

403 1834 558 1875 Nullus
578 1834 621 1875 in
643 1834 740 1875 orbe
762 1834 876 1876 sinus
898 1835 1012 1877 Baiis
1033 1837 1228 1892 praelucet
1250 1840 1436 1891 amoenis,

405 1902 450 1943 Si
470 1901 575 1943 dixit
595 1901 724 1950 dives,
745 1901 859 1942 lacus
880 1911 920 1943 et
942 1918 1051 1944 mare
1073 1904 1196 1946 sentit
1218 1920 1395 1948 amorem

401 1968 651 2011 Festinantis
671 1967 781 2015 heri3
815 1968 880 2009 cui
903 1970 936 2009 si
960 1970 1106 2011 vitiosa
1126 1970 1255 2011 libido
1663 1977 1721 2017 85

402 2036 566 2079 Fecerit
586 2034 830 2089 auspicium,
853 2050 939 2077 cras
959 2036 1205 2079 ferramenta
1227 2039 1419 2080 Teanum

403 2103 595 2153 Tolletis,
616 2102 735 2144 fabri.
796 2103 953 2144 Lectus
973 2104 1146 2158 genialis
1166 2105 1209 2146 in
1231 2106 1324 2148 aula
1345 2107 1434 2149 est?

401 2173 476 2214 Nil
495 2172 552 2214 ait
571 2186 657 2213 esse
674 2170 802 2226 prius,
824 2170 971 2212 melius
991 2171 1051 2212 nil
1073 2172 1217 2214 coelibe
1235 2173 1345 2223 vita;

404 2240 449 2282 Si
468 2254 550 2280 non
565 2247 642 2289 est,
657 2238 772 2294 jurat
791 2239 895 2280 bene
917 2238 1013 2279 solis
1035 2253 1122 2281 esse
1144 2240 1313 2282 maritis.

401 2309 494 2359 Quo
515 2316 673 2348 teneam
696 2306 834 2347 vultus
855 2314 1081 2348 mutantem
1106 2308 1257 2350 Protea
1276 2310 1413 2351 nodo?
1663 2301 1721 2359 90

400 2375 513 2426 Quid
532 2375 718 2429 pauper?
750 2373 836 2414 ride
853 2389 861 2413 :
894 2382 1029 2415 mutat
1049 2376 1272 2425 coenacula,
1292 2377 1433 2428 lectos,

390 2443 571 2493 Balnea,
593 2450 796 2488 tonsores;
830 2441 1034 2482 conducto
1055 2442 1221 2497 navigio
1242 2458 1357 2499 aeque

399 2512 584 2553 Nauseat
604 2523 650 2550 ac
669 2508 865 2563 locuples,
886 2523 1006 2564 quem
1028 2509 1142 2551 ducit
1163 2510 1280 2565 priva
1300 2512 1486 2553 triremis.

400 2579 444 2620 Si
465 2572 629 2620 curatus
647 2575 841 2631 inaequali
864 2584 1026 2618 tonsore
1047 2578 1214 2632 capillos

372 2656 374 2659 '
398 2645 585 2695 Occurri,
607 2644 736 2686 rides:
770 2644 803 2684 si
824 2643 926 2684 forte
949 2644 1152 2686 subucula
1170 2660 1286 2701 pexae
1660 2652 1717 2696 95

399 2715 522 2758 Trita
542 2714 679 2755 subest
696 2711 864 2761 tunicae,
887 2711 950 2752 vel
973 2711 1005 2752 si
1029 2720 1123 2767 toga
1145 2713 1316 2755 dissidet
1336 2714 1484 2770 impar,

398 2782 551 2825 Rides:
583 2780 697 2836 quid,
720 2794 809 2821 mea
831 2793 922 2821 cum
945 2788 1101 2834 pugnat
1123 2781 1324 2823 sententia
1347 2786 1513 2824 secum?
