1962 3268
423 281 505 322 152
846 295 887 323 Q.
919 293 1113 321 HonA'rn
1148 277 1310 322 FLAocx

478 393 619 432 Caesar
640 392 830 446 Hispana
849 392 997 446 repetit
1018 401 1186 447 penates

651 458 793 499 Victor
813 458 864 500 ab
884 473 965 500 ora.

477 525 616 566 Unico
635 525 818 580 gaudens
838 525 985 567 mulier
1005 525 1166 575 marito,

479 592 674 642 Prodeat‚
687 591 814 647 justis
834 601 1000 647 operata
1020 591 1143 633 Divis
1163 609 1176 639 ;

477 659 538 699 Et
557 673 668 700 soror
687 659 785 700 clari
801 659 932 710 ducis,
953 668 995 701 et
1015 660 1173 701 decorae

649 726 844 781 Supplice
853 753 856 755 Δ
864 727 969 768 vitta

478 792 695 846 Virginum
714 801 876 844 matres,
891 794 1174 848 juvenumque
1195 808 1325 847 nuper

480 859 710 913 Sospitum:
742 874 814 900 vos
836 861 874 901 O
895 859 1027 913 pueri,
1048 868 1090 900 et
1108 859 1258 913 puellae

477 926 508 965 J
512 939 576 966 am
594 925 727 966 virum
749 935 943 980 expertae,
964 925 1070 967 male
1090 925 1326 967 inominatis

648 984 813 1034 Parcite
829 992 978 1034 verbis.

477 1058 565 1099 Hic
586 1058 673 1099 dies
694 1073 788 1099 vere
808 1059 911 1100 mihi
930 1059 1059 1100 festus
1079 1067 1187 1101 atras

476 1125 646 1167 Eximet
667 1139 801 1167 curas:
836 1141 912 1181 ego
932 1141 1008 1168 nec
1029 1126 1268 1178 tumultum,

475 1193 567 1234 Nec
587 1192 689 1233 mori
709 1206 780 1246 per
801 1192 883 1233 vim
906 1202 1100 1245 metuam,
1122 1203 1287 1236 tenente

649 1258 813 1300 Caesare
833 1269 973 1302 terras.

478 1327 517 1375 Ι,
539 1334 632 1380 pete
653 1335 925 1380 unguentum,
946 1341 1062 1381 puer,
1085 1336 1126 1369 et
1147 1343 1334 1380 coronas,

476 1393 537 1434 Et
556 1393 702 1434 cadum
722 1391 853 1434 Marsi
874 1408 1095 1438 memorem
1123 1395 1277 1443 duelli;

478 1462 717 1514 Spartacum
739 1459 856 1514 siqua
875 1460 1010 1514 potuit
1033 1470 1250 1515 vagantem

650 1525 813 1567 Fallere
834 1534 950 1570 testa.

476 1594 560 1635 Dic
580 1601 621 1634 et
641 1601 798 1647 argutae
819 1600 1008 1647 properet
1029 1594 1190 1636 Neaerae

476 1659 725 1714 Myrrheum
745 1659 854 1700 nodo
875 1659 1066 1701 cohibere
1085 1660 1259 1702 crinem:

478 1727 524 1768 Si
540 1729 613 1781 per
632 1725 811 1766 invisum
833 1740 944 1768 mora
956 1726 1179 1781 janitorem

647 1792 755 1843 Fiet,
770 1791 894 1833 abito.
917 1782 919 1785 V

475 1859 606 1906 Lenit
626 1857 834 1899 albescens
855 1858 1012 1900 animos
1033 1860 1206 1915 capillus

477 1925 638 1967 Litium
656 1931 696 1965 et
710 1923 811 1964 rixae
831 1925 1001 1978 cupidos
1021 1935 1234 1979 protervae.
1290 1919 1294 1924 ’

479 1993 575 2033 Non
592 2005 668 2045 ego
683 1989 762 2031 hoc
781 1990 942 2041 ferrem,
962 1991 1120 2033 calidus
1132 1994 1322 2047 juventa,

651 2057 831 2098 Consule
852 2057 1020 2099 Planco.

829 2302 956 2343 ODE
990 2302 1092 2367 ΧΨ.Ι
1155 2300 1225 2351 (Μ.
1248 2304 1341 2355 xv.)

937 2427 987 2455 IN
1020 2428 1241 2456 CHLORIM.

483 2527 619 2575 Uxoa
640 2523 831 2577 pauperis
847 2524 980 2578 Ibyci,

540 2589 730 2632 Tandem
752 2590 947 2643 nequitiae
966 2591 1045 2645 fige
1067 2591 1230 2632 modum
1252 2599 1348 2641 tuae,

484 2655 748 2711 Famosisque
769 2655 998 2698 laboribus:

542 2724 712 2765 Maturo
731 2722 895 2776 propior
914 2723 1054 2767 desine
1074 2724 1207 2767 funeri

1688 863 1742 903 10

1686 1198 1739 1238 15

1657 1533 1741 1574 -20

1681 1865 1738 1906 25
