<?xml version="1.0" encoding="UTF-8"?>
<!DOCTYPE html PUBLIC "-//W3C//DTD XHTML 1.0 Transitional//EN"
    "http://www.w3.org/TR/xhtml1/DTD/xhtml1-transitional.dtd">
<html xmlns="http://www.w3.org/1999/xhtml" xml:lang="en" lang="en">
 <head>
  <title>
</title>
<meta http-equiv="Content-Type" content="text/html;charset=utf-8" />
  <meta name='ocr-system' content='tesseract 3.04.00' />
  <meta name='ocr-capabilities' content='ocr_page ocr_carea ocr_par ocr_line ocrx_word'/>
</head>
<body>
  <div class='ocr_page' id='page_1' title='image "./horatiusrestitut00horauoft_0291.png"; bbox 0 0 1962 3268; ppageno 0'>
   <div class='ocr_carea' id='block_1_1' title="bbox 0 0 108 915">
    <p class='ocr_par' dir='ltr' id='par_1_1' title="bbox 0 0 108 915">
     <span class='ocr_line' id='line_1_1' title="bbox 0 0 71 915; textangle 90"><span class='ocrx_word' id='word_1_1' title='bbox 0 817 18 915; x_wconf 50' lang='grc' dir='ltr'>,τεκεῖν-ὴ</span> <span class='ocrx_word' id='word_1_2' title='bbox 0 0 71 809; x_wconf 43' lang='grc' dir='ltr'>,-Ψ«ΜὟΛ;ἯΜᾸΜ</span> 
     </span>
     <span class='ocr_line' id='line_1_2' title="bbox 58 0 108 200; textangle 90"><span class='ocrx_word' id='word_1_3' title='bbox 81 197 84 200; x_wconf 68' lang='grc'><strong>’</strong></span> <span class='ocrx_word' id='word_1_4' title='bbox 58 20 108 63; x_wconf 55' lang='lat'>,5⁶</span> <span class='ocrx_word' id='word_1_5' title='bbox 77 0 103 4; x_wconf 68' lang='lat'>¹.</span> 
     </span>
    </p>
   </div>
   <div class='ocr_carea' id='block_1_2' title="bbox 653 333 1575 389">
    <p class='ocr_par' dir='ltr' id='par_1_2' title="bbox 653 333 1575 389">
     <span class='ocr_line' id='line_1_3' title="bbox 653 333 1575 389; baseline 0.001 -13"><span class='ocrx_word' id='word_1_6' title='bbox 653 348 910 377; x_wconf 66' lang='lat' dir='ltr'>suumomni</span> <span class='ocrx_word' id='word_1_7' title='bbox 935 348 1024 376; x_wconf 75' lang='lat' dir='ltr'>mn.</span> <span class='ocrx_word' id='word_1_8' title='bbox 1049 349 1079 376; x_wconf 93' lang='lat'>1.</span> <span class='ocrx_word' id='word_1_9' title='bbox 1101 333 1143 389; x_wconf 89' lang='grc'>7.</span> <span class='ocrx_word' id='word_1_10' title='bbox 1517 337 1575 382; x_wconf 88' lang='grc'>59</span> 
     </span>
    </p>
   </div>
   <div class='ocr_carea' id='block_1_3' title="bbox 235 447 1595 2901">
    <p class='ocr_par' dir='ltr' id='par_1_3' title="bbox 236 447 1573 571">
     <span class='ocr_line' id='line_1_4' title="bbox 236 447 1573 503; baseline 0.001 -11"><span class='ocrx_word' id='word_1_11' title='bbox 236 450 346 492; x_wconf 85' lang='lat' dir='ltr'>Cum</span> <span class='ocrx_word' id='word_1_12' title='bbox 368 455 410 491; x_wconf 87' lang='lat' dir='ltr'>te</span> <span class='ocrx_word' id='word_1_13' title='bbox 429 447 621 490; x_wconf 86' lang='lat' dir='ltr'>formidet</span> <span class='ocrx_word' id='word_1_14' title='bbox 642 447 804 498; x_wconf 89' lang='lat' dir='ltr'>mulier,</span> <span class='ocrx_word' id='word_1_15' title='bbox 824 461 958 503; x_wconf 90' lang='lat' dir='ltr'>neque</span> <span class='ocrx_word' id='word_1_16' title='bbox 978 448 1119 490; x_wconf 78' lang='lat' dir='ltr'>credat</span> <span class='ocrx_word' id='word_1_17' title='bbox 1139 448 1308 491; x_wconf 83' lang='lat' dir='ltr'>amanti.</span> <span class='ocrx_word' id='word_1_18' title='bbox 1516 448 1573 493; x_wconf 87' lang='grc'>65</span> 
     </span>
     <span class='ocr_line' id='line_1_5' title="bbox 239 514 1272 571; baseline -0.001 -12"><span class='ocrx_word' id='word_1_19' title='bbox 239 516 330 559; x_wconf 89' lang='lat' dir='ltr'>Ibis</span> <span class='ocrx_word' id='word_1_20' title='bbox 350 515 427 558; x_wconf 88' lang='lat' dir='ltr'>sub</span> <span class='ocrx_word' id='word_1_21' title='bbox 445 515 605 557; x_wconf 81' lang='lat' dir='ltr'>furcam</span> <span class='ocrx_word' id='word_1_22' title='bbox 624 514 822 570; x_wconf 87' lang='lat' dir='ltr'>prudens,</span> <span class='ocrx_word' id='word_1_23' title='bbox 845 514 1096 571; x_wconf 88' lang='lat' dir='ltr'>dominoque</span> <span class='ocrx_word' id='word_1_24' title='bbox 1115 515 1272 558; x_wconf 87' lang='lat' dir='ltr'>furenti</span> 
     </span>
    </p>

    <p class='ocr_par' dir='ltr' id='par_1_4' title="bbox 235 582 1575 706">
     <span class='ocr_line' id='line_1_6' title="bbox 236 582 1575 640; baseline 0.001 -13"><span class='ocrx_word' id='word_1_25' title='bbox 236 583 482 628; x_wconf 86' lang='lat' dir='ltr'>Committes</span> <span class='ocrx_word' id='word_1_26' title='bbox 501 597 588 626; x_wconf 90' lang='lat' dir='ltr'>rem</span> <span class='ocrx_word' id='word_1_27' title='bbox 609 596 789 633; x_wconf 88' lang='lat' dir='ltr'>omnem,</span> <span class='ocrx_word' id='word_1_28' title='bbox 810 590 852 624; x_wconf 92' lang='lat' dir='ltr'>et</span> <span class='ocrx_word' id='word_1_29' title='bbox 872 582 1018 635; x_wconf 84' lang='lat' dir='ltr'>vitam,</span> <span class='ocrx_word' id='word_1_30' title='bbox 1040 590 1082 624; x_wconf 92' lang='lat' dir='ltr'>et</span> <span class='ocrx_word' id='word_1_31' title='bbox 1102 597 1197 624; x_wconf 92' lang='lat' dir='ltr'>cum</span> <span class='ocrx_word' id='word_1_32' title='bbox 1218 594 1386 640; x_wconf 87' lang='lat' dir='ltr'>corpore</span> <span class='ocrx_word' id='word_1_33' title='bbox 1405 584 1575 628; x_wconf 83' lang='lat' dir='ltr'>famam.</span> 
     </span>
     <span class='ocr_line' id='line_1_7' title="bbox 235 650 1234 706; baseline -0.003 -11"><span class='ocrx_word' id='word_1_34' title='bbox 235 651 416 695; x_wconf 59' lang='lat' dir='ltr'>Evfisti?</span> <span class='ocrx_word' id='word_1_35' title='bbox 436 659 610 702; x_wconf 75' lang='lat' dir='ltr'>metueS‚</span> <span class='ocrx_word' id='word_1_36' title='bbox 632 651 770 701; x_wconf 88' lang='lat' dir='ltr'>credo,</span> <span class='ocrx_word' id='word_1_37' title='bbox 792 650 1020 706; x_wconf 91' lang='lat' dir='ltr'>doctusque</span> <span class='ocrx_word' id='word_1_38' title='bbox 1041 650 1206 692; x_wconf 86' lang='lat' dir='ltr'><strong>cavebis</strong></span> <span class='ocrx_word' id='word_1_39' title='bbox 1225 667 1234 692; x_wconf 78' lang='grc' dir='ltr'>ε</span> 
     </span>
    </p>

    <p class='ocr_par' dir='ltr' id='par_1_5' title="bbox 237 717 1364 777">
     <span class='ocr_line' id='line_1_8' title="bbox 237 717 1364 777; baseline -0.002 -14"><span class='ocrx_word' id='word_1_40' title='bbox 237 723 408 774; x_wconf 64' lang='lat' dir='ltr'>Quaeres</span> <span class='ocrx_word' id='word_1_41' title='bbox 428 720 595 777; x_wconf 80' lang='lat' dir='ltr'>quando</span> <span class='ocrx_word' id='word_1_42' title='bbox 614 720 766 762; x_wconf 90' lang='lat' dir='ltr'>iterum</span> <span class='ocrx_word' id='word_1_43' title='bbox 786 733 954 775; x_wconf 83' lang='lat' dir='ltr'>paveas,</span> <span class='ocrx_word' id='word_1_44' title='bbox 976 717 1210 775; x_wconf 83' lang='lat' dir='ltr'><strong>iterumque</strong></span> <span class='ocrx_word' id='word_1_45' title='bbox 1229 718 1364 775; x_wconf 87' lang='lat' dir='ltr'>perire</span> 
     </span>
    </p>

    <p class='ocr_par' dir='ltr' id='par_1_6' title="bbox 238 784 1578 912">
     <span class='ocr_line' id='line_1_9' title="bbox 238 784 1578 843; baseline -0.001 -11"><span class='ocrx_word' id='word_1_46' title='bbox 238 788 393 832; x_wconf 88' lang='lat' dir='ltr'>Possis.</span> <span class='ocrx_word' id='word_1_47' title='bbox 454 789 493 830; x_wconf 93' lang='grc' dir='ltr'>Ο</span> <span class='ocrx_word' id='word_1_48' title='bbox 514 787 636 830; x_wconf 86' lang='lat' dir='ltr'>toties</span> <span class='ocrx_word' id='word_1_49' title='bbox 658 802 800 830; x_wconf 89' lang='lat' dir='ltr'>servus</span> <span class='ocrx_word' id='word_1_50' title='bbox 818 784 828 827; x_wconf 71' lang='grc' dir='ltr'>ἔ</span> <span class='ocrx_word' id='word_1_51' title='bbox 861 801 956 843; x_wconf 87' lang='lat' dir='ltr'>quae</span> <span class='ocrx_word' id='word_1_52' title='bbox 975 786 1098 828; x_wconf 78' lang='lat' dir='ltr'>belua</span> <span class='ocrx_word' id='word_1_53' title='bbox 1117 787 1267 843; x_wconf 88' lang='lat' dir='ltr'>ruptis,</span> <span class='ocrx_word' id='word_1_54' title='bbox 1520 786 1578 842; x_wconf 83' lang='lat'>70</span> 
     </span>
     <span class='ocr_line' id='line_1_10' title="bbox 238 855 1266 912; baseline -0.004 -11"><span class='ocrx_word' id='word_1_55' title='bbox 238 859 349 902; x_wconf 87' lang='lat' dir='ltr'>Cum</span> <span class='ocrx_word' id='word_1_56' title='bbox 374 856 503 900; x_wconf 88' lang='lat' dir='ltr'>semel</span> <span class='ocrx_word' id='word_1_57' title='bbox 523 855 685 912; x_wconf 85' lang='lat' dir='ltr'>effugit,</span> <span class='ocrx_word' id='word_1_58' title='bbox 707 855 844 898; x_wconf 84' lang='lat' dir='ltr'><strong>reddit</strong></span> <span class='ocrx_word' id='word_1_59' title='bbox 864 870 907 898; x_wconf 89' lang='lat' dir='ltr'>se</span> <span class='ocrx_word' id='word_1_60' title='bbox 926 868 1056 911; x_wconf 82' lang='lat' dir='ltr'>prava</span> <span class='ocrx_word' id='word_1_61' title='bbox 1076 855 1231 898; x_wconf 82' lang='lat' dir='ltr'>catenis</span> <span class='ocrx_word' id='word_1_62' title='bbox 1248 858 1266 897; x_wconf 76' lang='grc' dir='ltr'><strong><em>Ρ</em></strong></span> 
     </span>
    </p>

    <p class='ocr_par' dir='ltr' id='par_1_7' title="bbox 238 923 1574 1049">
     <span class='ocr_line' id='line_1_11' title="bbox 238 923 1574 980; baseline 0.001 -13"><span class='ocrx_word' id='word_1_63' title='bbox 238 923 338 967; x_wconf 89' lang='lat' dir='ltr'>Non</span> <span class='ocrx_word' id='word_1_64' title='bbox 359 939 451 967; x_wconf 84' lang='lat' dir='ltr'>sum</span> <span class='ocrx_word' id='word_1_65' title='bbox 472 923 677 974; x_wconf 67' lang='lat' dir='ltr'>moechm,</span> <span class='ocrx_word' id='word_1_66' title='bbox 699 923 782 966; x_wconf 81' lang='lat' dir='ltr'>ait:</span> <span class='ocrx_word' id='word_1_67' title='bbox 814 938 949 980; x_wconf 91' lang='lat' dir='ltr'>neque</span> <span class='ocrx_word' id='word_1_68' title='bbox 969 938 1061 980; x_wconf 91' lang='lat' dir='ltr'>ego,</span> <span class='ocrx_word' id='word_1_69' title='bbox 1074 923 1257 976; x_wconf 84' lang='lat' dir='ltr'>hercule,</span> <span class='ocrx_word' id='word_1_70' title='bbox 1277 924 1361 976; x_wconf 86' lang='lat' dir='ltr'>fur,</span> <span class='ocrx_word' id='word_1_71' title='bbox 1382 924 1455 967; x_wconf 89' lang='lat' dir='ltr'>ubi</span> <span class='ocrx_word' id='word_1_72' title='bbox 1476 939 1574 968; x_wconf 86' lang='lat' dir='ltr'>vasa</span> 
     </span>
     <span class='ocr_line' id='line_1_12' title="bbox 239 991 1245 1049; baseline -0.003 -13"><span class='ocrx_word' id='word_1_73' title='bbox 239 995 449 1036; x_wconf 86' lang='lat' dir='ltr'>Praetereo</span> <span class='ocrx_word' id='word_1_74' title='bbox 470 991 635 1049; x_wconf 79' lang='lat' dir='ltr'>sapiens</span> <span class='ocrx_word' id='word_1_75' title='bbox 655 999 875 1047; x_wconf 83' lang='lat' dir='ltr'>argentea:</span> <span class='ocrx_word' id='word_1_76' title='bbox 909 991 1008 1034; x_wconf 90' lang='lat' dir='ltr'>tolle</span> <span class='ocrx_word' id='word_1_77' title='bbox 1028 991 1245 1047; x_wconf 87' lang='lat' dir='ltr'>periclum,</span> 
     </span>
    </p>

    <p class='ocr_par' dir='ltr' id='par_1_8' title="bbox 239 1059 1204 1117">
     <span class='ocr_line' id='line_1_13' title="bbox 239 1059 1204 1117; baseline 0 -14"><span class='ocrx_word' id='word_1_78' title='bbox 239 1062 270 1103; x_wconf 86' lang='lat' dir='ltr'><strong>J</strong></span> <span class='ocrx_word' id='word_1_79' title='bbox 273 1075 340 1104; x_wconf 74' lang='lat' dir='ltr'>am</span> <span class='ocrx_word' id='word_1_80' title='bbox 361 1074 468 1117; x_wconf 79' lang='lat' dir='ltr'><strong>vaga</strong></span> <span class='ocrx_word' id='word_1_81' title='bbox 487 1059 674 1116; x_wconf 80' lang='lat' dir='ltr'>prosiliet</span> <span class='ocrx_word' id='word_1_82' title='bbox 693 1059 836 1102; x_wconf 87' lang='lat' dir='ltr'>froenis</span> <span class='ocrx_word' id='word_1_83' title='bbox 855 1068 1004 1102; x_wconf 82' lang='lat' dir='ltr'>natura</span> <span class='ocrx_word' id='word_1_84' title='bbox 1023 1060 1204 1103; x_wconf 86' lang='lat' dir='ltr'>remotis.</span> 
     </span>
    </p>

    <p class='ocr_par' dir='ltr' id='par_1_9' title="bbox 242 1127 1578 1322">
     <span class='ocr_line' id='line_1_14' title="bbox 242 1127 1578 1185; baseline 0.001 -14"><span class='ocrx_word' id='word_1_85' title='bbox 242 1131 370 1172; x_wconf 89' lang='lat' dir='ltr'>Tune</span> <span class='ocrx_word' id='word_1_86' title='bbox 383 1128 489 1171; x_wconf 85' lang='lat' dir='ltr'>mihi</span> <span class='ocrx_word' id='word_1_87' title='bbox 504 1128 710 1178; x_wconf 84' lang='lat' dir='ltr'>dominus,</span> <span class='ocrx_word' id='word_1_88' title='bbox 731 1142 869 1170; x_wconf 88' lang='lat' dir='ltr'>rerum</span> <span class='ocrx_word' id='word_1_89' title='bbox 890 1127 1075 1184; x_wconf 87' lang='lat' dir='ltr'>imperiis</span> <span class='ocrx_word' id='word_1_90' title='bbox 1095 1128 1392 1185; x_wconf 90' lang='lat' dir='ltr'>hominumque</span> <span class='ocrx_word' id='word_1_91' title='bbox 1521 1127 1578 1183; x_wconf 88' lang='grc'>75</span> 
     </span>
     <span class='ocr_line' id='line_1_15' title="bbox 243 1195 1438 1253; baseline 0.001 -14"><span class='ocrx_word' id='word_1_92' title='bbox 243 1199 332 1239; x_wconf 88' lang='lat' dir='ltr'>Tot</span> <span class='ocrx_word' id='word_1_93' title='bbox 351 1196 560 1253; x_wconf 79' lang='lat' dir='ltr'>tantisque</span> <span class='ocrx_word' id='word_1_94' title='bbox 578 1195 748 1238; x_wconf 86' lang='lat' dir='ltr'>minor?</span> <span class='ocrx_word' id='word_1_95' title='bbox 779 1210 903 1252; x_wconf 87' lang='lat' dir='ltr'>quem</span> <span class='ocrx_word' id='word_1_96' title='bbox 923 1204 986 1238; x_wconf 87' lang='lat' dir='ltr'>ter</span> <span class='ocrx_word' id='word_1_97' title='bbox 1006 1196 1192 1239; x_wconf 83' lang='lat' dir='ltr'>vindicta</span> <span class='ocrx_word' id='word_1_98' title='bbox 1211 1205 1438 1253; x_wconf 80' lang='lat' dir='ltr'>quaterque</span> 
     </span>
     <span class='ocr_line' id='line_1_16' title="bbox 244 1263 1366 1322; baseline 0 -14"><span class='ocrx_word' id='word_1_99' title='bbox 244 1265 447 1322; x_wconf 81' lang='lat' dir='ltr'>Imposita</span> <span class='ocrx_word' id='word_1_100' title='bbox 465 1264 580 1307; x_wconf 74' lang='lat' dir='ltr'>haud</span> <span class='ocrx_word' id='word_1_101' title='bbox 599 1279 784 1321; x_wconf 85' lang='lat' dir='ltr'>unquam</span> <span class='ocrx_word' id='word_1_102' title='bbox 804 1264 954 1306; x_wconf 83' lang='lat' dir='ltr'>misera</span> <span class='ocrx_word' id='word_1_103' title='bbox 971 1263 1195 1306; x_wconf 85' lang='lat' dir='ltr'>formidine</span> <span class='ocrx_word' id='word_1_104' title='bbox 1215 1264 1366 1320; x_wconf 90' lang='lat' dir='ltr'>privet.</span> 
     </span>
    </p>

    <p class='ocr_par' dir='ltr' id='par_1_10' title="bbox 242 1332 1375 1389">
     <span class='ocr_line' id='line_1_17' title="bbox 242 1332 1375 1389; baseline -0.001 -13"><span class='ocrx_word' id='word_1_105' title='bbox 242 1333 372 1376; x_wconf 87' lang='lat' dir='ltr'>Adde</span> <span class='ocrx_word' id='word_1_106' title='bbox 391 1347 528 1389; x_wconf 91' lang='lat' dir='ltr'>super,</span> <span class='ocrx_word' id='word_1_107' title='bbox 550 1332 674 1375; x_wconf 90' lang='lat' dir='ltr'>dictis</span> <span class='ocrx_word' id='word_1_108' title='bbox 693 1332 806 1388; x_wconf 92' lang='lat' dir='ltr'>quod</span> <span class='ocrx_word' id='word_1_109' title='bbox 824 1346 909 1374; x_wconf 91' lang='lat' dir='ltr'>non</span> <span class='ocrx_word' id='word_1_110' title='bbox 928 1332 1062 1374; x_wconf 86' lang='lat' dir='ltr'>levius</span> <span class='ocrx_word' id='word_1_111' title='bbox 1082 1332 1245 1382; x_wconf 83' lang='lat' dir='ltr'>valeat3</span> <span class='ocrx_word' id='word_1_112' title='bbox 1278 1347 1375 1375; x_wconf 86' lang='lat' dir='ltr'>nam</span> 
     </span>
    </p>

    <p class='ocr_par' dir='ltr' id='par_1_11' title="bbox 246 1400 1218 1457">
     <span class='ocr_line' id='line_1_18' title="bbox 246 1400 1218 1457; baseline -0.001 -13"><span class='ocrx_word' id='word_1_113' title='bbox 246 1401 344 1444; x_wconf 89' lang='lat' dir='ltr'>Sive</span> <span class='ocrx_word' id='word_1_114' title='bbox 365 1401 544 1444; x_wconf 78' lang='lat' dir='ltr'>vicarius</span> <span class='ocrx_word' id='word_1_115' title='bbox 563 1409 640 1453; x_wconf 92' lang='lat' dir='ltr'>est,</span> <span class='ocrx_word' id='word_1_116' title='bbox 660 1400 733 1457; x_wconf 91' lang='lat' dir='ltr'>qui</span> <span class='ocrx_word' id='word_1_117' title='bbox 754 1415 871 1443; x_wconf 90' lang='lat' dir='ltr'>servo</span> <span class='ocrx_word' id='word_1_118' title='bbox 892 1408 1024 1457; x_wconf 83' lang='lat' dir='ltr'>paret,</span> <span class='ocrx_word' id='word_1_119' title='bbox 1045 1400 1110 1443; x_wconf 90' lang='lat' dir='ltr'>uti</span> <span class='ocrx_word' id='word_1_120' title='bbox 1129 1415 1218 1443; x_wconf 87' lang='lat' dir='ltr'>mos</span> 
     </span>
    </p>

    <p class='ocr_par' dir='ltr' id='par_1_12' title="bbox 245 1469 1576 1596">
     <span class='ocr_line' id='line_1_19' title="bbox 245 1469 1576 1528; baseline 0.002 -16"><span class='ocrx_word' id='word_1_121' title='bbox 245 1470 393 1513; x_wconf 78' lang='lat' dir='ltr'>Vester</span> <span class='ocrx_word' id='word_1_122' title='bbox 411 1469 491 1519; x_wconf 77' lang='lat' dir='ltr'>ait3</span> <span class='ocrx_word' id='word_1_123' title='bbox 523 1484 597 1512; x_wconf 89' lang='lat' dir='ltr'>seu</span> <span class='ocrx_word' id='word_1_124' title='bbox 617 1484 862 1512; x_wconf 90' lang='lat' dir='ltr'>conservus:</span> <span class='ocrx_word' id='word_1_125' title='bbox 887 1469 964 1511; x_wconf 90' lang='lat' dir='ltr'>tibi</span> <span class='ocrx_word' id='word_1_126' title='bbox 984 1469 1086 1525; x_wconf 93' lang='lat' dir='ltr'>quid</span> <span class='ocrx_word' id='word_1_127' title='bbox 1106 1485 1197 1512; x_wconf 89' lang='lat' dir='ltr'>sum</span> <span class='ocrx_word' id='word_1_128' title='bbox 1217 1485 1294 1527; x_wconf 90' lang='lat' dir='ltr'>ego</span> <span class='ocrx_word' id='word_1_129' title='bbox 1311 1474 1329 1513; x_wconf 87' lang='lat'>?</span> <span class='ocrx_word' id='word_1_130' title='bbox 1349 1485 1498 1528; x_wconf 86' lang='lat' dir='ltr'>nempe</span> <span class='ocrx_word' id='word_1_131' title='bbox 1518 1474 1576 1514; x_wconf 84' lang='lat'>80</span> 
     </span>
     <span class='ocr_line' id='line_1_20' title="bbox 247 1536 1370 1596; baseline 0.004 -17"><span class='ocrx_word' id='word_1_132' title='bbox 247 1538 336 1587; x_wconf 87' lang='lat' dir='ltr'>Tu,</span> <span class='ocrx_word' id='word_1_133' title='bbox 356 1537 462 1580; x_wconf 90' lang='lat' dir='ltr'>mihi</span> <span class='ocrx_word' id='word_1_134' title='bbox 481 1537 554 1594; x_wconf 80' lang='lat' dir='ltr'>&#39;qui</span> <span class='ocrx_word' id='word_1_135' title='bbox 573 1537 801 1594; x_wconf 85' lang='lat' dir='ltr'>imperitas,</span> <span class='ocrx_word' id='word_1_136' title='bbox 823 1536 915 1579; x_wconf 81' lang='lat' dir='ltr'>aliis</span> <span class='ocrx_word' id='word_1_137' title='bbox 936 1537 1064 1580; x_wconf 88' lang='lat' dir='ltr'>servis</span> <span class='ocrx_word' id='word_1_138' title='bbox 1083 1539 1224 1592; x_wconf 86' lang='lat' dir='ltr'>miser,</span> <span class='ocrx_word' id='word_1_139' title='bbox 1245 1548 1370 1596; x_wconf 84' lang='lat' dir='ltr'>atque</span> 
     </span>
    </p>

    <p class='ocr_par' dir='ltr' id='par_1_13' title="bbox 246 1605 1182 1662">
     <span class='ocr_line' id='line_1_21' title="bbox 246 1605 1182 1662; baseline 0.002 -15"><span class='ocrx_word' id='word_1_140' title='bbox 246 1605 426 1648; x_wconf 87' lang='lat' dir='ltr'>Duceris</span> <span class='ocrx_word' id='word_1_141' title='bbox 445 1614 494 1648; x_wconf 93' lang='lat' dir='ltr'>ut</span> <span class='ocrx_word' id='word_1_142' title='bbox 513 1605 651 1648; x_wconf 88' lang='lat' dir='ltr'>nervis</span> <span class='ocrx_word' id='word_1_143' title='bbox 671 1605 816 1648; x_wconf 78' lang='lat' dir='ltr'>ahenis</span> <span class='ocrx_word' id='word_1_144' title='bbox 836 1605 988 1648; x_wconf 91' lang='lat' dir='ltr'>mobile</span> <span class='ocrx_word' id='word_1_145' title='bbox 1006 1606 1182 1662; x_wconf 86' lang='lat' dir='ltr'>lignum.</span> 
     </span>
    </p>

    <p class='ocr_par' dir='ltr' id='par_1_14' title="bbox 249 1673 1585 1937">
     <span class='ocr_line' id='line_1_22' title="bbox 249 1673 1482 1733; baseline 0.003 -17"><span class='ocrx_word' id='word_1_146' title='bbox 249 1673 450 1726; x_wconf 83' lang='lat' dir='ltr'>Quisnam</span> <span class='ocrx_word' id='word_1_147' title='bbox 470 1674 600 1731; x_wconf 87' lang='lat' dir='ltr'>igitur</span> <span class='ocrx_word' id='word_1_148' title='bbox 619 1674 754 1716; x_wconf 90' lang='lat' dir='ltr'>liber?</span> <span class='ocrx_word' id='word_1_149' title='bbox 819 1673 1007 1730; x_wconf 83' lang='lat' dir='ltr'>Sapiens,</span> <span class='ocrx_word' id='word_1_150' title='bbox 1026 1675 1103 1718; x_wconf 91' lang='lat' dir='ltr'>sibi</span> <span class='ocrx_word' id='word_1_151' title='bbox 1123 1676 1195 1732; x_wconf 92' lang='lat' dir='ltr'>qui</span> <span class='ocrx_word' id='word_1_152' title='bbox 1214 1676 1482 1733; x_wconf 89' lang='lat' dir='ltr'>imperiosus:</span> 
     </span>
     <span class='ocr_line' id='line_1_23' title="bbox 251 1742 1578 1801; baseline 0.005 -17"><span class='ocrx_word' id='word_1_153' title='bbox 251 1744 385 1794; x_wconf 83' lang='lat' dir='ltr'>Quem</span> <span class='ocrx_word' id='word_1_154' title='bbox 398 1757 533 1799; x_wconf 91' lang='lat' dir='ltr'>neque</span> <span class='ocrx_word' id='word_1_155' title='bbox 542 1742 775 1798; x_wconf 82' lang='lat' dir='ltr'>pauperies,</span> <span class='ocrx_word' id='word_1_156' title='bbox 788 1757 922 1799; x_wconf 90' lang='lat' dir='ltr'>neque</span> <span class='ocrx_word' id='word_1_157' title='bbox 939 1758 1062 1796; x_wconf 87' lang='lat' dir='ltr'>mors,</span> <span class='ocrx_word' id='word_1_158' title='bbox 1071 1759 1206 1801; x_wconf 91' lang='lat' dir='ltr'>neque</span> <span class='ocrx_word' id='word_1_159' title='bbox 1218 1745 1385 1789; x_wconf 85' lang='lat' dir='ltr'>vincula</span> <span class='ocrx_word' id='word_1_160' title='bbox 1399 1755 1552 1790; x_wconf 85' lang='lat' dir='ltr'>terrent</span> <span class='ocrx_word' id='word_1_161' title='bbox 1566 1765 1578 1795; x_wconf 86' lang='lat'>;</span> 
     </span>
     <span class='ocr_line' id='line_1_24' title="bbox 250 1811 1585 1868; baseline 0.004 -14"><span class='ocrx_word' id='word_1_162' title='bbox 250 1811 514 1868; x_wconf 83' lang='lat' dir='ltr'>Responsare</span> <span class='ocrx_word' id='word_1_163' title='bbox 533 1811 814 1867; x_wconf 86' lang='lat' dir='ltr'>cupidinibus,</span> <span class='ocrx_word' id='word_1_164' title='bbox 838 1820 1100 1854; x_wconf 88' lang='lat' dir='ltr'>contemnere</span> <span class='ocrx_word' id='word_1_165' title='bbox 1119 1813 1296 1856; x_wconf 89' lang='lat' dir='ltr'>honores</span> <span class='ocrx_word' id='word_1_166' title='bbox 1527 1818 1585 1859; x_wconf 89' lang='lat'>85</span> 
     </span>
     <span class='ocr_line' id='line_1_25' title="bbox 250 1879 1354 1937; baseline 0.004 -16"><span class='ocrx_word' id='word_1_167' title='bbox 250 1879 416 1929; x_wconf 87' lang='lat' dir='ltr'>Fortis;</span> <span class='ocrx_word' id='word_1_168' title='bbox 450 1888 492 1922; x_wconf 88' lang='lat' dir='ltr'>et</span> <span class='ocrx_word' id='word_1_169' title='bbox 511 1879 556 1921; x_wconf 90' lang='lat' dir='ltr'>in</span> <span class='ocrx_word' id='word_1_170' title='bbox 577 1879 711 1935; x_wconf 91' lang='lat' dir='ltr'>seipso</span> <span class='ocrx_word' id='word_1_171' title='bbox 732 1887 843 1921; x_wconf 87' lang='lat' dir='ltr'>totus</span> <span class='ocrx_word' id='word_1_172' title='bbox 864 1887 971 1922; x_wconf 90' lang='lat' dir='ltr'>teres</span> <span class='ocrx_word' id='word_1_173' title='bbox 992 1889 1116 1937; x_wconf 84' lang='lat' dir='ltr'>atque</span> <span class='ocrx_word' id='word_1_174' title='bbox 1135 1882 1354 1937; x_wconf 88' lang='lat' dir='ltr'>rotundus,</span> 
     </span>
    </p>

    <p class='ocr_par' dir='ltr' id='par_1_15' title="bbox 250 1948 1160 2005">
     <span class='ocr_line' id='line_1_26' title="bbox 250 1948 1160 2005; baseline 0.002 -15"><span class='ocrx_word' id='word_1_175' title='bbox 250 1948 429 1991; x_wconf 86' lang='lat' dir='ltr'>Externi</span> <span class='ocrx_word' id='word_1_176' title='bbox 448 1948 605 2005; x_wconf 88' lang='lat' dir='ltr'>nequid</span> <span class='ocrx_word' id='word_1_177' title='bbox 625 1948 760 1990; x_wconf 81' lang='lat' dir='ltr'>valeat</span> <span class='ocrx_word' id='word_1_178' title='bbox 778 1962 853 2004; x_wconf 91' lang='lat' dir='ltr'>per</span> <span class='ocrx_word' id='word_1_179' title='bbox 872 1948 964 1991; x_wconf 90' lang='lat' dir='ltr'>leve</span> <span class='ocrx_word' id='word_1_180' title='bbox 984 1950 1160 2002; x_wconf 87' lang='lat' dir='ltr'>morari3</span> 
     </span>
    </p>

    <p class='ocr_par' dir='ltr' id='par_1_16' title="bbox 252 2017 1338 2074">
     <span class='ocr_line' id='line_1_27' title="bbox 252 2017 1338 2074; baseline 0.004 -15"><span class='ocrx_word' id='word_1_181' title='bbox 252 2017 307 2059; x_wconf 88' lang='lat' dir='ltr'>In</span> <span class='ocrx_word' id='word_1_182' title='bbox 325 2031 449 2074; x_wconf 92' lang='lat' dir='ltr'>quem</span> <span class='ocrx_word' id='word_1_183' title='bbox 466 2031 612 2059; x_wconf 81' lang='lat' dir='ltr'>manca</span> <span class='ocrx_word' id='word_1_184' title='bbox 631 2018 716 2059; x_wconf 90' lang='lat' dir='ltr'>ruit</span> <span class='ocrx_word' id='word_1_185' title='bbox 737 2031 897 2073; x_wconf 88' lang='lat' dir='ltr'>semper</span> <span class='ocrx_word' id='word_1_186' title='bbox 915 2017 1093 2061; x_wconf 85' lang='lat' dir='ltr'>fortuna.</span> <span class='ocrx_word' id='word_1_187' title='bbox 1155 2020 1338 2063; x_wconf 86' lang='lat' dir='ltr'>Potesne</span> 
     </span>
    </p>

    <p class='ocr_par' dir='ltr' id='par_1_17' title="bbox 251 2085 1587 2281">
     <span class='ocr_line' id='line_1_28' title="bbox 251 2085 1488 2145; baseline 0.005 -18"><span class='ocrx_word' id='word_1_188' title='bbox 251 2086 325 2127; x_wconf 84' lang='lat' dir='ltr'>Ex</span> <span class='ocrx_word' id='word_1_189' title='bbox 343 2085 411 2128; x_wconf 88' lang='lat' dir='ltr'>his</span> <span class='ocrx_word' id='word_1_190' title='bbox 430 2093 478 2128; x_wconf 88' lang='lat' dir='ltr'>ut</span> <span class='ocrx_word' id='word_1_191' title='bbox 497 2085 710 2142; x_wconf 89' lang='lat' dir='ltr'>proprium</span> <span class='ocrx_word' id='word_1_192' title='bbox 731 2085 833 2142; x_wconf 92' lang='lat' dir='ltr'>quid</span> <span class='ocrx_word' id='word_1_193' title='bbox 852 2089 1055 2129; x_wconf 87' lang='lat' dir='ltr'>noscere?</span> <span class='ocrx_word' id='word_1_194' title='bbox 1116 2088 1312 2145; x_wconf 81' lang='lat' dir='ltr'>Quinque</span> <span class='ocrx_word' id='word_1_195' title='bbox 1331 2089 1488 2133; x_wconf 84' lang='lat' dir='ltr'>talenta</span> 
     </span>
     <span class='ocr_line' id='line_1_29' title="bbox 252 2153 1587 2212; baseline 0.004 -17"><span class='ocrx_word' id='word_1_196' title='bbox 252 2153 396 2196; x_wconf 87' lang='lat' dir='ltr'>Poscit</span> <span class='ocrx_word' id='word_1_197' title='bbox 415 2162 456 2196; x_wconf 92' lang='lat' dir='ltr'>te</span> <span class='ocrx_word' id='word_1_198' title='bbox 475 2154 638 2205; x_wconf 87' lang='lat' dir='ltr'>mulier,</span> <span class='ocrx_word' id='word_1_199' title='bbox 655 2163 793 2206; x_wconf 83' lang='lat' dir='ltr'>vexat,</span> <span class='ocrx_word' id='word_1_200' title='bbox 814 2154 1052 2211; x_wconf 86' lang='lat' dir='ltr'>foribusque</span> <span class='ocrx_word' id='word_1_201' title='bbox 1071 2157 1282 2212; x_wconf 88' lang='lat' dir='ltr'>repulsum</span> <span class='ocrx_word' id='word_1_202' title='bbox 1530 2162 1587 2205; x_wconf 90' lang='grc'>90</span> 
     </span>
     <span class='ocr_line' id='line_1_30' title="bbox 254 2221 1278 2281; baseline 0.004 -17"><span class='ocrx_word' id='word_1_203' title='bbox 254 2221 477 2264; x_wconf 85' lang='lat' dir='ltr'>Perfundit</span> <span class='ocrx_word' id='word_1_204' title='bbox 496 2222 658 2278; x_wconf 84' lang='lat' dir='ltr'>gelida:</span> <span class='ocrx_word' id='word_1_205' title='bbox 691 2236 833 2263; x_wconf 89' lang='lat' dir='ltr'>rursus</span> <span class='ocrx_word' id='word_1_206' title='bbox 853 2231 998 2264; x_wconf 85' lang='lat' dir='ltr'>vocat:</span> <span class='ocrx_word' id='word_1_207' title='bbox 1033 2224 1145 2279; x_wconf 91' lang='lat' dir='ltr'>eripe</span> <span class='ocrx_word' id='word_1_208' title='bbox 1166 2226 1278 2281; x_wconf 86' lang='lat' dir='ltr'>turpi</span> 
     </span>
    </p>

    <p class='ocr_par' dir='ltr' id='par_1_18' title="bbox 256 2288 1396 2350">
     <span class='ocr_line' id='line_1_31' title="bbox 256 2288 1396 2350; baseline 0.005 -20"><span class='ocrx_word' id='word_1_209' title='bbox 256 2288 378 2331; x_wconf 78' lang='lat' dir='ltr'>Colla</span> <span class='ocrx_word' id='word_1_210' title='bbox 390 2288 520 2345; x_wconf 90' lang='lat' dir='ltr'>jugo:</span> <span class='ocrx_word' id='word_1_211' title='bbox 553 2289 674 2341; x_wconf 86' lang='lat' dir='ltr'>liber,</span> <span class='ocrx_word' id='word_1_212' title='bbox 695 2289 800 2331; x_wconf 89' lang='lat' dir='ltr'>liber</span> <span class='ocrx_word' id='word_1_213' title='bbox 821 2303 927 2340; x_wconf 90' lang='lat' dir='ltr'>sum,</span> <span class='ocrx_word' id='word_1_214' title='bbox 949 2290 1018 2332; x_wconf 92' lang='lat' dir='ltr'>dic</span> <span class='ocrx_word' id='word_1_215' title='bbox 1038 2306 1139 2346; x_wconf 83' lang='lat' dir='ltr'>age:</span> <span class='ocrx_word' id='word_1_216' title='bbox 1172 2307 1256 2335; x_wconf 90' lang='lat' dir='ltr'>non</span> <span class='ocrx_word' id='word_1_217' title='bbox 1275 2294 1396 2350; x_wconf 89' lang='lat' dir='ltr'>quis;</span> 
     </span>
    </p>

    <p class='ocr_par' dir='ltr' id='par_1_19' title="bbox 258 2354 1418 2486">
     <span class='ocr_line' id='line_1_32' title="bbox 258 2354 1418 2413; baseline 0.007 -15"><span class='ocrx_word' id='word_1_218' title='bbox 258 2354 424 2412; x_wconf 88' lang='lat' dir='ltr'>Urguet</span> <span class='ocrx_word' id='word_1_219' title='bbox 444 2357 554 2399; x_wconf 90' lang='lat' dir='ltr'>enim</span> <span class='ocrx_word' id='word_1_220' title='bbox 575 2357 768 2399; x_wconf 91' lang='lat' dir='ltr'>dominus</span> <span class='ocrx_word' id='word_1_221' title='bbox 788 2365 967 2400; x_wconf 88' lang='lat' dir='ltr'>mentem</span> <span class='ocrx_word' id='word_1_222' title='bbox 990 2373 1074 2401; x_wconf 92' lang='lat' dir='ltr'>non</span> <span class='ocrx_word' id='word_1_223' title='bbox 1094 2360 1213 2413; x_wconf 87' lang='lat' dir='ltr'>lenis,</span> <span class='ocrx_word' id='word_1_224' title='bbox 1234 2370 1276 2404; x_wconf 89' lang='lat' dir='ltr'>et</span> <span class='ocrx_word' id='word_1_225' title='bbox 1305 2378 1418 2406; x_wconf 86' lang='lat' dir='ltr'>acres</span> 
     </span>
     <span class='ocr_line' id='line_1_33' title="bbox 259 2423 1319 2486; baseline 0.008 -20"><span class='ocrx_word' id='word_1_226' title='bbox 259 2423 472 2480; x_wconf 82' lang='lat' dir='ltr'>Subjectat</span> <span class='ocrx_word' id='word_1_227' title='bbox 491 2424 598 2468; x_wconf 83' lang='lat' dir='ltr'>lasso</span> <span class='ocrx_word' id='word_1_228' title='bbox 621 2425 825 2477; x_wconf 88' lang='lat' dir='ltr'>stimulos,</span> <span class='ocrx_word' id='word_1_229' title='bbox 848 2436 1065 2484; x_wconf 83' lang='lat' dir='ltr'>versatque</span> <span class='ocrx_word' id='word_1_230' title='bbox 1085 2440 1319 2486; x_wconf 87' lang='lat' dir='ltr'>negantem.</span> 
     </span>
    </p>

    <p class='ocr_par' dir='ltr' id='par_1_20' title="bbox 256 2493 1591 2690">
     <span class='ocr_line' id='line_1_34' title="bbox 258 2493 1591 2553; baseline 0.007 -18"><span class='ocrx_word' id='word_1_231' title='bbox 258 2493 336 2535; x_wconf 91' lang='lat' dir='ltr'>Vel</span> <span class='ocrx_word' id='word_1_232' title='bbox 356 2508 451 2536; x_wconf 90' lang='lat' dir='ltr'>cum</span> <span class='ocrx_word' id='word_1_233' title='bbox 473 2494 846 2550; x_wconf 81' lang='lat' dir='ltr'>Pausiaca-torpes,</span> <span class='ocrx_word' id='word_1_234' title='bbox 869 2495 1027 2548; x_wconf 86' lang='lat' dir='ltr'>insane,</span> <span class='ocrx_word' id='word_1_235' title='bbox 1049 2499 1215 2552; x_wconf 81' lang='lat' dir='ltr'>tabella,</span> <span class='ocrx_word' id='word_1_236' title='bbox 1531 2509 1591 2553; x_wconf 86' lang='lat'>95</span> 
     </span>
     <span class='ocr_line' id='line_1_35' title="bbox 257 2563 1492 2629; baseline 0.011 -25"><span class='ocrx_word' id='word_1_237' title='bbox 257 2563 341 2615; x_wconf 87' lang='lat' dir='ltr'>Qui</span> <span class='ocrx_word' id='word_1_238' title='bbox 360 2577 505 2619; x_wconf 85' lang='lat' dir='ltr'>peccas</span> <span class='ocrx_word' id='word_1_239' title='bbox 524 2563 662 2606; x_wconf 87' lang='lat' dir='ltr'>minus</span> <span class='ocrx_word' id='word_1_240' title='bbox 682 2572 807 2621; x_wconf 85' lang='lat' dir='ltr'>atque</span> <span class='ocrx_word' id='word_1_241' title='bbox 827 2580 919 2621; x_wconf 91' lang='lat' dir='ltr'>ego,</span> <span class='ocrx_word' id='word_1_242' title='bbox 941 2580 1035 2608; x_wconf 92' lang='lat' dir='ltr'>cum</span> <span class='ocrx_word' id='word_1_243' title='bbox 1060 2564 1188 2610; x_wconf 80' lang='lat' dir='ltr'>Fulvi</span> <span class='ocrx_word' id='word_1_244' title='bbox 1209 2570 1492 2629; x_wconf 70' lang='lat' dir='ltr'>Rutubaeque,</span> 
     </span>
     <span class='ocr_line' id='line_1_36' title="bbox 256 2632 1168 2690; baseline 0.007 -18"><span class='ocrx_word' id='word_1_245' title='bbox 256 2632 351 2673; x_wconf 89' lang='lat' dir='ltr'>Aut</span> <span class='ocrx_word' id='word_1_246' title='bbox 370 2632 629 2675; x_wconf 81' lang='lat' dir='ltr'>Placideiani</span> <span class='ocrx_word' id='word_1_247' title='bbox 649 2641 844 2675; x_wconf 89' lang='lat' dir='ltr'>contento</span> <span class='ocrx_word' id='word_1_248' title='bbox 861 2634 1021 2690; x_wconf 89' lang='lat' dir='ltr'>poplite</span> <span class='ocrx_word' id='word_1_249' title='bbox 1042 2635 1168 2678; x_wconf 89' lang='lat' dir='ltr'>miror</span> 
     </span>
    </p>

    <p class='ocr_par' dir='ltr' id='par_1_21' title="bbox 258 2698 1275 2756">
     <span class='ocr_line' id='line_1_37' title="bbox 258 2698 1275 2756; baseline 0.007 -16"><span class='ocrx_word' id='word_1_250' title='bbox 258 2698 432 2749; x_wconf 84' lang='lat' dir='ltr'>Proelia,</span> <span class='ocrx_word' id='word_1_251' title='bbox 453 2700 617 2743; x_wconf 81' lang='lat' dir='ltr'>rubrica</span> <span class='ocrx_word' id='word_1_252' title='bbox 636 2701 750 2756; x_wconf 81' lang='lat' dir='ltr'>picta</span> <span class='ocrx_word' id='word_1_253' title='bbox 769 2710 842 2745; x_wconf 77' lang='lat' dir='ltr'>aut</span> <span class='ocrx_word' id='word_1_254' title='bbox 863 2703 1068 2753; x_wconf 78' lang='lat' dir='ltr'>carbone3</span> <span class='ocrx_word' id='word_1_255' title='bbox 1103 2705 1218 2748; x_wconf 88' lang='lat' dir='ltr'>velut</span> <span class='ocrx_word' id='word_1_256' title='bbox 1239 2706 1275 2748; x_wconf 86' lang='lat' dir='ltr'>si</span> 
     </span>
    </p>

    <p class='ocr_par' dir='ltr' id='par_1_22' title="bbox 259 2768 1318 2829">
     <span class='ocr_line' id='line_1_38' title="bbox 259 2768 1318 2829; baseline 0.009 -21"><span class='ocrx_word' id='word_1_257' title='bbox 259 2768 327 2809; x_wconf 86' lang='lat' dir='ltr'>Re</span> <span class='ocrx_word' id='word_1_258' title='bbox 347 2782 444 2810; x_wconf 85' lang='lat' dir='ltr'>vera</span> <span class='ocrx_word' id='word_1_259' title='bbox 463 2778 664 2824; x_wconf 88' lang='lat' dir='ltr'>pugnent,</span> <span class='ocrx_word' id='word_1_260' title='bbox 683 2769 849 2823; x_wconf 83' lang='lat' dir='ltr'>feriant,</span> <span class='ocrx_word' id='word_1_261' title='bbox 870 2771 1086 2829; x_wconf 86' lang='lat' dir='ltr'>vitentque</span> <span class='ocrx_word' id='word_1_262' title='bbox 1107 2783 1318 2819; x_wconf 87' lang='lat' dir='ltr'>moventes</span> 
     </span>
    </p>

    <p class='ocr_par' dir='ltr' id='par_1_23' title="bbox 259 2835 1595 2901">
     <span class='ocr_line' id='line_1_39' title="bbox 259 2835 1595 2901; baseline 0.011 -25"><span class='ocrx_word' id='word_1_263' title='bbox 259 2835 394 2878; x_wconf 83' lang='lat' dir='ltr'>Arma</span> <span class='ocrx_word' id='word_1_264' title='bbox 414 2835 525 2878; x_wconf 86' lang='lat' dir='ltr'>viri?</span> <span class='ocrx_word' id='word_1_265' title='bbox 557 2837 747 2892; x_wconf 83' lang='lat' dir='ltr'>Nequam</span> <span class='ocrx_word' id='word_1_266' title='bbox 769 2847 810 2880; x_wconf 92' lang='lat' dir='ltr'>et</span> <span class='ocrx_word' id='word_1_267' title='bbox 831 2849 1008 2883; x_wconf 84' lang='lat' dir='ltr'>cessator</span> <span class='ocrx_word' id='word_1_268' title='bbox 1029 2842 1202 2892; x_wconf 78' lang='lat' dir='ltr'>Davus;</span> <span class='ocrx_word' id='word_1_269' title='bbox 1237 2853 1280 2887; x_wconf 87' lang='lat' dir='ltr'>at</span> <span class='ocrx_word' id='word_1_270' title='bbox 1299 2845 1387 2901; x_wconf 86' lang='lat' dir='ltr'>ipse</span> <span class='ocrx_word' id='word_1_271' title='bbox 1509 2849 1595 2891; x_wconf 85' lang='grc'>100</span> 
     </span>
    </p>
   </div>
  </div>
 </body>
</html>
