1962 3268
356 342 443 383 224
787 357 826 386 Q.
859 356 1054 385 nonATu
1087 357 1251 387 uacci

355 456 425 497 Ad
443 464 627 498 nostrum
648 464 810 513 tempus
831 458 930 500 Livi
950 459 1156 515 scriptoris
1170 461 1228 503 ab
1247 475 1350 503 aevo.

356 523 573 565 Interdum
595 524 745 580 vulgus
763 533 920 568 rectum
941 527 1079 580 videt3
1109 535 1171 570 est
1190 529 1261 571 ubi
1280 537 1436 585 peccat.

355 590 401 631 Si
421 599 577 633 veteres
597 591 656 634 ita
674 593 846 636 miratur
863 594 1087 651 laudatque
1107 596 1264 651 poetas,

354 657 419 698 Ut
436 657 544 699 nihil
563 660 777 711 anteferat,
798 661 904 703 nihil
923 662 1007 704 illis
1027 673 1247 719 comparet,
1269 674 1397 708 errat:
1620 666 1677 710 65

355 724 399 766 Si
418 726 608 781 quaedam
627 726 750 769 nimis
770 729 951 785 antique,
972 730 1007 771 si
1027 731 1219 787 pleraque
1238 733 1340 774 dure

352 792 504 835 Dicere
524 794 634 836 cedit
648 809 731 846 eos,
751 795 901 851 ignave
921 797 1052 839 multa
1069 792 1246 848 fatetur-3

350 859 411 901 Et
431 860 552 915 sapit,
575 869 616 903 et
637 875 798 904 mecum
818 863 933 915 facit,
955 873 997 905 et
1016 866 1128 906 Jove
1142 866 1305 920 judicat
1324 882 1454 923 aequo.

352 924 451 968 Non
470 928 660 982 equidem
679 928 871 976 insector,
893 930 1123 972 delendave
1142 932 1325 974 'carmina
1345 934 1447 975 Livi

350 994 457 1035 Esse
474 1009 579 1046 reor,
600 995 769 1036 memini
789 1009 884 1051 quae
902 997 1116 1052 plagosum
1139 999 1242 1040 mihi
1261 1014 1388 1055 parvo
1617 1001 1674 1056 70

350 1062 555 1104 Orbilium
576 1063 760 1112 dictare3
794 1064 866 1106 sed
887 1065 1104 1108 emendata
1123 1065 1271 1118 videri,
1463 1058 1473 1064 i

348 1129 626 1187 Pulchraque,
647 1139 689 1173 et
709 1131 866 1174 exactis
887 1132 1102 1174 minimum
1125 1133 1336 1184 distantia,
1359 1134 1495 1176 miror.

349 1197 467 1239 Inter
485 1212 579 1253 quae
597 1199 767 1241 verbum
788 1198 956 1241 emicuit
976 1199 1011 1241 si
1025 1199 1130 1242 forte
1150 1201 1358 1252 decorum,
1379 1210 1420 1243 et

349 1266 394 1308 Si
412 1281 553 1309 versus
571 1268 696 1323 paulo
716 1267 954 1310 concinnior
973 1282 1080 1310 unus
1101 1276 1141 1310 et
1161 1268 1276 1319 alter,

348 1333 510 1389 Injuste
525 1343 658 1377 totum
678 1334 793 1376 ducit
813 1334 1035 1390 venditque
1055 1341 1216 1390 poema.
1615 1338 1671 1391 75

347 1402 550 1457 Indignor
568 1402 792 1458 quidquam
814 1401 1073 1456 reprehendi,
1094 1416 1177 1443 non
1197 1403 1293 1457 quia
1313 1417 1444 1445 crasse

346 1469 631 1524 Compositum
651 1468 870 1523 illepideve
890 1476 1073 1522 putetur,
1095 1470 1169 1510 sed
1187 1469 1284 1524 quia
1303 1484 1459 1525 nuper3

345 1537 435 1577 Nec
455 1536 617 1578 veniam
637 1535 831 1591 antiquis,
855 1535 927 1576 sed
946 1534 1142 1577 honorem
1163 1544 1204 1577 et
1223 1536 1394 1591 praemia
1412 1538 1539 1592 posci.

343 1603 476 1644 Recte
496 1617 624 1644 necne
644 1617 806 1644 crocum
826 1601 1026 1657 floresque
1045 1604 1301 1658 perambulet
1321 1606 1435 1657 Attae
1497 1597 1506 1602 ⁶

341 1669 505 1711 Fabula
525 1669 559 1711 si
579 1670 781 1721 dubitem,
802 1670 979 1711 clament
998 1671 1167 1725 periisse
1186 1672 1385 1726 pudorem
1610 1675 1668 1714 80

343 1737 496 1779 Cuncti
515 1751 621 1792 pene
640 1745 803 1792 patres;
838 1751 886 1779 ea
905 1751 998 1778 cum
1020 1737 1317 1792 reprehendere
1337 1753 1458 1780 coner

342 1804 447 1853 Quae
466 1804 603 1859 gravis
624 1806 826 1859 AEsopus,
847 1819 940 1860 quae
961 1805 1106 1846 doctus
1128 1805 1306 1847 Roscius
1326 1806 1433 1861 egit:

341 1870 420 1911 Vel
439 1871 536 1925 quia
554 1871 614 1912 nil
633 1879 805 1922 rectum,
826 1871 906 1913 nisi
926 1872 1037 1927 quod
1056 1872 1212 1926 placuit
1233 1872 1324 1923 sibi,
1346 1874 1529 1921 ducunt;

340 1937 418 1978 Vel
438 1937 534 1992 quia
553 1945 672 1992 turpe
691 1946 841 1992 putant
860 1953 1001 1992 parere
1021 1939 1260 1990 minoribus,
1282 1948 1324 1981 et
1343 1953 1437 1995 quae

342 2003 525 2045 Imberbi
545 2003 739 2053 didicere,
763 2018 878 2044 senes
898 2005 1106 2058 perdenda
1124 2005 1255 2046 fateri.
1608 2007 1664 2046 85

338 2070 370 2110 J
372 2084 437 2111 am
461 2070 615 2112 Saliare
636 2071 788 2112 Numae
808 2083 971 2111 carmen
990 2070 1061 2125 qui
1081 2070 1236 2122 laudat,
1256 2079 1297 2112 et
1315 2071 1422 2112 illud

339 2137 462 2186 Quod
483 2150 642 2178 mecum
661 2137 839 2191 ignorat,
861 2136 971 2177 solus
990 2136 1082 2177 vult
1103 2136 1204 2178 scire
1223 2137 1378 2185 videri;

340 2204 527 2260 Ingeniis
546 2218 629 2246 non
648 2203 720 2245 ille
738 2203 849 2245 favet
868 2202 1111 2258 plauditque
1131 2204 1316 2258 sepultis,

338 2273 492 2313 Nostra
511 2272 584 2313 sed
603 2270 835 2326 impugnat,
856 2284 930 2311 nos
950 2277 1168 2325 nostraque
1187 2270 1339 2313 lividus
1359 2272 1459 2314 odit.

338 2340 461 2390 Quod
481 2339 515 2380 si
534 2347 623 2393 tam,
641 2337 781 2380 Graiis
801 2337 962 2379 novitas
981 2337 1114 2378 invisa
1133 2337 1278 2379 fuisset
1605 2341 1661 2385 90

338 2408 473 2457 Quam
492 2406 624 2456 nobis,
645 2405 746 2461 quid
766 2419 876 2446 nunc
897 2412 1003 2446 esset
1023 2407 1173 2446 vetus?
1205 2413 1277 2447 aut
1296 2406 1396 2461 quid
1416 2407 1584 2449 haberet

337 2474 460 2524 Quod
478 2473 632 2528 legeret
652 2480 879 2528 tereretque
894 2472 1048 2513 viritim
1068 2472 1257 2527 publicus
1277 2488 1374 2515 usus
1387 2478 1405 2514 ἓ

337 2542 402 2583 Ut
421 2541 598 2596 primum
618 2540 762 2596 positis
781 2539 929 2595 nugari
951 2537 1117 2581 Graecia
1137 2539 1254 2581 bellis

331 2608 493 2662 Coepit,
513 2616 554 2649 et
573 2607 617 2648 in
637 2606 785 2647 vitium
805 2607 969 2648 fortuna
987 2606 1116 2647 labier
1135 2619 1280 2660 aequa,

336 2676 461 2717 Nunc
480 2674 727 2717 athletarum
748 2674 910 2723 studiis,
930 2688 1040 2714 nunc
1060 2673 1159 2714 arsit
1178 2687 1373 2728 equorum
1389 2690 1400 2721 ;
1600 2677 1656 2720 95

337 2742 558 2785 Marmoris
577 2750 648 2784 aut
667 2740 798 2782 eboris
818 2740 953 2782 fabros
973 2748 1044 2781 aut
1065 2740 1158 2781 aeris
1178 2740 1356 2789 amavit;

338 2810 563 2867 Suspendit
582 2810 693 2865 picta
712 2808 873 2851 vultum
895 2816 1153 2862 mentemque
1173 2807 1346 2856 tabella3
